3384 5525
253 746 360 825 nce]
634 764 815 808 aersroum.
1162 750 1203 807 25

249 938 308 978 vos
324 916 483 979 Dominus
498 914 539 980 ad
553 918 613 979 hes
627 918 780 980 barbaros
795 914 975 979 destinarit.
1019 916 1091 981 Nec
1104 918 1202 982 credo

246 1040 315 1081 rem
336 1021 428 1082 istam
451 1018 634 1082 adeundam
656 1018 777 1102 jurgiis,
793 1018 851 1081 sed
872 1018 958 1081 felici
982 1018 1199 1084 moderatione

236 1121 481 1204 complendam,
494 1121 668 1206 praesertim
684 1144 703 1184 a
718 1121 872 1204 sapiente,
884 1120 939 1204 qui
955 1121 1108 1200 meminit,
1124 1123 1201 1205 quia

247 1223 403 1286 modestia
425 1223 589 1308 sapientire
612 1244 631 1285 a
653 1223 717 1285 fine
744 1224 883 1286 suaviter
907 1243 1009 1305 usque
1032 1222 1073 1285 ad
1100 1222 1197 1287 finem

247 1324 395 1385 universa
410 1322 562 1407 disponit.
608 1322 760 1406 Alioquin
782 1322 1001 1404 pertinacibus
1023 1328 1199 1388 communi·

249 1425 390 1489 candum
405 1448 475 1489 esse
493 1448 558 1487 nou
583 1426 716 1488 arbitror
731 1426 781 1488 vel
795 1425 828 1487 in
854 1425 996 1503 minimo,
1011 1448 1107 1509 quum
1131 1449 1198 1491 me·

248 1527 394 1589 minerim
418 1528 520 1601 illum,
536 1527 628 1610 cujus
647 1526 780 1607 figuram
804 1528 924 1608 geritis,
938 1528 1128 1608 zorobabel,
1143 1531 1198 1613 qui

247 1630 376 1691 vertitur
397 1630 431 1690 in
455 1629 616 1711 principes
641 1630 690 1691 vel
714 1630 906 1710 Magistrum
928 1630 1116 1711 Babylonis,
1132 1653 1197 1695 nen

248 1727 449 1814 adquievisse
464 1731 610 1793 hostibus
632 1729 727 1794 Judae
742 1741 775 1794 et
789 1730 972 1815 Bcnjamin,
988 1740 1024 1792 ut
1039 1731 1133 1795 etiam
1156 1731 1199 1795 ad

247 1832 504 1895 reaedificandam
521 1832 653 1894 domum
675 1832 807 1895 Domini
823 1853 897 1894 cum
914 1831 989 1894 filiis
1005 1832 1197 1915 captivitatis

246 1934 369 2017 aliquid
385 1935 517 1996 omnine
532 1934 719 1998 conferrent.
767 1935 818 1997 De
834 1934 885 1996 his
901 1933 1064 1996 hactenus.

290 2038 341 2098 De
358 2046 474 2099 caetere
484 2035 552 2119 jam
568 2048 731 2117 porrectas
745 2038 825 2099 itero
840 2056 964 2119 preces,
979 2044 1138 2118 quatenus
1154 2037 1195 2100 de

246 2138 387 2221 reliquiis
401 2157 511 2218 regum
526 2149 559 2200 et
574 2137 730 2219 virgiuum
745 2138 826 2200 mihi
841 2146 943 2199 vestro
958 2136 1081 2218 aliquid
1096 2147 1196 2200 trans·

246 2241 380 2303 mittatis
391 2261 465 2303 cum
478 2252 647 2302 vestrarum
660 2240 842 2303 testimonio
852 2239 1035 2301 litterarum.
1072 2241 1193 2305 Valete.

265 2456 486 2564 mersium
509 2498 787 2563 cxcviii-in
802 2514 1033 2560 narrantur
1049 2512 1168 2559 pipin.

612 2596 657 2675 [a.
675 2617 705 2660 u.
723 2598 832 2678 1167]

484 2734 624 2795 Domino
640 2736 826 2799 Alemandro
840 2736 951 2816 Papo.

288 2859 381 2923 Side
401 2858 499 2921 exilio
518 2859 692 2921 clamamus
711 2860 752 2923 ad
773 2870 895 2942 patrem
917 2881 975 2943 pro
994 2881 1059 2942 quo
1076 2860 1195 2943 jugiter

242 2962 418 3024 clamamus
443 2960 485 3022 ad
511 2960 698 3032 Dominum,
721 2981 780 3044 pro
805 2960 897 3043 cujus
926 2960 990 3023 fide
1017 2971 1050 3023 et
1074 2960 1194 3024 bonore

243 3073 355 3125 contra
370 3073 613 3145 persequutores
624 3062 784 3126 Eeclesiae
799 3063 1008 3125 clamavimus
1023 3083 1149 3145 semper
1164 3071 1196 3126 et

243 3164 465 3239 clamabimus,
487 3164 560 3226 Deo
582 3173 722 3241 auctore,
744 3164 853 3247 quoad
869 3164 934 3227 vita
954 3164 1051 3227 fuerit
1073 3185 1193 3239 cernes,

244 3275 347 3329 vestra
361 3266 535 3348 paternitas
554 3264 702 3329 admirari
715 3288 780 3328 non
796 3265 904 3343 debet,
920 3287 1017 3349 quum
1034 3265 1074 3329 de
1088 3265 1193 3349 inopi-

243 3379 318 3431 nata
334 3389 437 3430 rerum
452 3368 591 3430 novitate
607 3370 777 3432 clamorem
797 3378 987 3452 extorqueat
1002 3368 1048 3432 vis
1063 3367 1193 3444 doloris,

244 3481 277 3531 et
300 3469 489 3552 importunae
515 3479 548 3530 et
572 3469 775 3533 amarissimae
800 3470 1000 3532 necessitatis
1026 3470 1193 3559 acerbitas.

246 3570 431 3633 clamamus
445 3591 520 3651 ergo
536 3568 577 3632 ad
592 3592 809 3634 successorem
832 3571 929 3648 Petri,
943 3571 1095 3634 vicarium
1112 3571 1191 3635 Cru-

245 3671 355 3734 cifixi:
379 3682 412 3734 et
425 3672 547 3734 utinam
562 3672 681 3734 clamor
694 3681 804 3734 noster
817 3672 954 3735 introeat
967 3672 1001 3733 in
1017 3692 1109 3734 aures
1123 3693 1192 3735 ves·

244 3787 319 3846 tras,
335 3782 370 3836 ut
384 3793 481 3855 super
503 3771 683 3835 calamitate
704 3772 874 3851 Ecclesiae,
889 3783 922 3835 et
935 3771 1075 3835 filiorum
1091 3773 1193 3837 afflic-

244 3873 385 3935 tionibus
405 3882 437 3935 et
457 3873 630 3953 gemitibus
648 3873 747 3956 patris
767 3873 889 3936 viscera
907 3875 1132 3938 concutiantur
1151 3874 1196 3938 ad

244 3976 489 4038 miserationem.
501 3973 769 4039 Etlicetmiseriae
775 3987 891 4038 nostrae
901 3976 942 4038 de
951 3976 1071 4039 recenti
1080 3975 1195 4060 injuria

244 4077 465 4160 multiplicata
477 4077 540 4139 sint
550 4098 646 4159 super
656 4097 834 4152 numerum,
846 4087 880 4140 et
889 4079 1088 4141 excreverint
1099 4099 1195 4162 supra

246 4179 393 4243 modum:
416 4190 522 4243 tamen
537 4181 609 4243 Deo
624 4191 703 4243 teste
725 4181 869 4243 acerbius
885 4179 1042 4256 dolemus,
1059 4191 1091 4241 et
1104 4180 1194 4260 inge·

244 4280 409 4342 missimus
423 4280 524 4360 magis
537 4278 576 4342 de
587 4280 806 4343 imminutione
821 4280 930 4361 gloriae
940 4286 1049 4338 vestrae
1065 4288 1097 4341 et
1111 4279 1196 4341 fama

246 4381 401 4444 Romanae
424 4383 582 4444 Ecclesiae
605 4382 781 4462 denigrata,
804 4400 901 4463 quam
925 4376 965 4436 de
990 4374 1124 4453 damnis,
1146 4379 1196 4439 in·
