3384 5525
252 757 355 836 ura]
635 780 815 824 nrrsroca.
1151 775 1209 831 117

248 929 312 993 haee
337 928 464 993 domini
487 932 572 1011 regis
594 934 775 1013 benignitas
798 937 938 999 revocari
960 949 992 1000 et
1013 940 1150 1003 ecclesia
1172 943 1203 1003 iu

247 1029 435 1095 anteriorem
473 1032 573 1097 immo
610 1033 799 1099 deteriorem
837 1038 958 1101 retrudi
996 1042 1203 1106 servitutem?

247 1135 325 1206 Quis
351 1135 439 1197 enim
465 1133 597 1198 auderet
622 1134 662 1197 de
691 1149 806 1200 caetero
830 1142 1026 1221 proclamare
1048 1143 1080 1203 in
1107 1143 1202 1206 liber-

246 1237 365 1299 tatern?
405 1237 488 1307 Quis
517 1257 648 1299 causam
674 1239 826 1301 suscitare
851 1240 884 1301 in
911 1262 975 1322 qua
999 1254 1031 1303 ot
1054 1263 1112 1324 pro
1139 1267 1202 1327 qua

248 1338 447 1401 meminisset
476 1348 598 1401 tanturn
626 1340 780 1403 cecidisse
810 1341 1019 1424 pontificem?
1057 1345 1130 1408 Alia
1154 1356 1202 1409 est

249 1461 323 1519 ergo
341 1440 516 1523 quaerenda
531 1439 581 1504 ria
595 1440 767 1504 libertatis:
792 1442 879 1504 aliud
900 1441 1069 1506 consilium
1087 1450 1202 1528 poterit

246 1542 357 1605 amicis
380 1543 547 1605 iutimare:
582 1553 614 1606 et
637 1543 664 1605 si
691 1544 757 1604 vult
782 1544 923 1625 experiri
949 1544 982 1605 in
1009 1547 1136 1629 seipso
1161 1570 1202 1610 an

245 1644 392 1707 ecclesiae
408 1655 442 1707 et
457 1644 663 1727 episcopatus
687 1644 737 1706 sui
754 1643 800 1706 sic
817 1645 919 1727 possit
941 1645 1094 1709 redimere
1109 1651 1202 1712 liber·

246 1755 362 1807 tatem:
395 1744 471 1828 quia
494 1757 589 1827 prout
610 1766 630 1807 a
650 1743 937 1809 cantuariensibus
964 1747 1075 1821 didici,
1102 1751 1204 1813 archi·

246 1846 418 1928 episcopus
432 1844 509 1907 huic
526 1846 662 1908 consilio
677 1867 742 1907 non
764 1847 958 1928 acquiescet,
973 1869 1079 1930 neque
1095 1850 1204 1933 aliqua

245 1947 457 2029 promissione
494 1967 528 2010 se
566 1947 675 2010 deludi
709 1948 860 2030 patietur,
890 1960 925 2011 ut
955 1962 1009 2011 ant
1045 1964 1202 2033 permutet

246 2050 479 2133 episcopatum,
502 2049 586 2112 sieut
609 2049 708 2131 aliqui
733 2050 914 2124 moliuntur,
942 2061 996 2113 aut
1027 2050 1160 2116 desistat
1183 2075 1202 2116 a

246 2152 494 2236 persequutione
509 2150 591 2233 juris
607 2151 666 2228 sui,
682 2161 738 2213 aut
756 2171 872 2232 pacem
888 2151 983 2215 faciat
999 2157 1201 2220 manentibus

246 2254 531 2317 consuetudinibus
554 2275 651 2335 super
674 2253 791 2335 quibus
815 2256 1031 2318 controversia
1051 2270 1120 2320 orta
1142 2271 1200 2320 est.

247 2356 328 2419 Haec
350 2356 474 2419 idcirco
500 2355 558 2417 tibi
583 2355 778 2437 transcripsi,
804 2366 849 2430 nt,
876 2355 904 2417 si
930 2360 1199 2438 opportunitatem

246 2458 371 2538 rideris,
382 2456 577 2541 persuadeas
593 2467 765 2518 memorato
778 2456 909 2518 domino
921 2470 1030 2521 nostro
1042 2472 1073 2521 et
1085 2461 1201 2536 amico,

246 2570 279 2623 ut
292 2561 319 2623 si
334 2560 366 2623 ei
381 2581 432 2622 res
446 2559 526 2622 tanti
549 2569 607 2636 est,
622 2562 706 2621 bane
732 2559 951 2639 suspicionem
973 2581 1111 2643 purgare
1133 2583 1199 2623 non

246 2661 394 2743 negligat.
449 2661 570 2723 Omnes
604 2659 689 2721 euim
720 2660 774 2742 qui
811 2681 938 2722 mecum
969 2664 1100 2724 verbum
1137 2664 1199 2725 hoc

246 2763 416 2827 audierunt
430 2761 591 2845 compassi
606 2774 680 2824 sunt
695 2776 769 2825 ante
785 2775 864 2824 actae
882 2763 953 2824 vitae
968 2763 1036 2845 ejus
1052 2775 1084 2825 et
1099 2763 1199 2825 famae.

245 2867 319 2949 lpse
346 2887 421 2928 vero
451 2864 690 2928 Cautuariensis
720 2875 883 2925 narrantes
913 2864 1064 2935 inhibuit,
1090 2862 1200 2924 dicens

243 2967 423 3030 rumoribus
434 2966 520 3029 credi
531 2987 596 3028 non
607 2978 762 3049 oportere,
774 2964 948 3047 praesertim
961 2982 1059 3045 quum
1070 2963 1200 3024 verbum

245 3078 333 3131 tanto
357 3069 398 3131 sit
420 3067 588 3148 indignum
604 3069 681 3129 viro.
729 3066 805 3129 Seio
826 3073 934 3125 tamen
955 3061 1042 3146 qnod
1057 3062 1200 3144 aliquan-

244 3173 345 3235 tulum
368 3182 475 3233 motus
498 3171 566 3245 fuit,
581 3170 638 3232 sed
661 3181 696 3230 ut
717 3168 813 3229 homo
837 3165 978 3248 prudens
1001 3165 1099 3245 gessit
1121 3176 1200 3227 tem-

243 3270 311 3355 pori
327 3293 458 3335 morem.
505 3271 638 3334 Videbis
653 3291 695 3332 ex
711 3268 863 3350 rescripto
885 3267 1056 3329 litterarum
1078 3261 1201 3329 domini

243 3373 442 3459 papae,unde
451 3373 798 3455 postcomminationes
809 3370 926 3431 multas
937 3368 1199 3453 archiepiscopus

242 3477 348 3541 Lund.
379 3477 566 3560 episcopum
596 3473 836 3537 denunciaverit
862 3472 1196 3536 excommunicatum:

241 3589 273 3642 et
295 3598 394 3662 quare
417 3578 489 3639 illos
512 3596 594 3658 quos
616 3575 788 3657 episcopus
811 3573 913 3635 sancti
929 3572 1041 3653 Asaph
1063 3572 1198 3635 circum-

241 3693 354 3744 ventus
368 3677 584 3762 imprudenter
598 3676 736 3739 absolvit
757 3675 1055 3736 excommunicatos
1071 3673 1199 3751 habeat,

243 3783 346 3846 donec
371 3781 469 3865 juxta
497 3777 683 3841 mandatnm
714 3776 835 3838 domini
872 3795 964 3857 papae
994 3774 1198 3836 satisfaciant.

242 3885 286 3947 Et
307 3884 385 3968 quia
407 3880 587 3944 cardinales
610 3879 673 3961 ipsi
695 3877 776 3939 fines
802 3875 945 3937 mandati
968 3874 1199 3951 dignoscuntur

242 3984 430 4061 excessisse,
446 3981 616 4045 consilium
637 4000 745 4041 eorum
762 3977 802 4040 de
817 3978 940 4060 reliquo
957 3975 1064 4037 minus
1080 3976 1196 4039 audiet.

202 4118 207 4125 ·
244 4089 326 4152 Nam
350 4083 524 4169 judicandi
554 4082 594 4144 de
626 4103 677 4157 eo,
705 4081 770 4143 nisi
793 4081 879 4154 velit,
908 4100 973 4140 non
1004 4089 1199 4159 acceperuut

243 4191 379 4273 aliquam
395 4196 594 4271 potestatem.
641 4182 736 4255 Quod
756 4183 998 4262 Wigornensem
1016 4180 1101 4241 volui
1118 4201 1198 4262 prae·

240 4285 494 4372 muniri,prodiit
503 4306 545 4348 ex
555 4283 649 4367 adipe
659 4282 973 4363 caritatisetquoties
983 4291 1198 4362 opportunum

241 4392 342 4470 suerit,
358 4388 475 4454 honori
491 4387 560 4469 ejus
573 4387 711 4449 libenter
727 4405 856 4467 operam
871 4380 966 4445 dabo.
