3384 5525
250 730 356 809 troz]
632 744 812 789 nrrsrotre.
1158 729 1195 789 ut

247 920 315 984 prae
339 894 452 961 ceteris
474 893 689 959 conterraneis
715 892 881 977 diligebat,
903 902 937 955 et
959 892 1095 957 lortunae
1119 913 1201 956 meae

243 1021 334 1063 casus
358 997 449 1062 sortis
474 1018 541 1061 suae
567 994 735 1061 eventibus
763 993 1040 1059 connumerandos
1063 993 1198 1058 arbitra·

246 1102 350 1167 batur.
389 1100 472 1164 Haec
487 1100 585 1185 ipsius
600 1099 641 1163 ad
656 1121 708 1162 me
724 1097 850 1162 affectio
865 1097 956 1162 nobis
971 1096 1151 1161 adinvicem
1166 1108 1200 1162 et

247 1204 316 1269 aliis
331 1203 459 1268 interim
475 1203 585 1288 paucis
599 1202 748 1267 innotuit.
795 1201 860 1265 Sed
877 1200 937 1265 nisi
952 1222 1026 1265 eum
1042 1200 1107 1265 fata
1122 1223 1203 1287 pree·

248 1329 395 1393 propere,
411 1306 497 1391 quod
519 1323 605 1368 nunc
625 1304 715 1388 luget
735 1303 820 1369 orbis
836 1303 1047 1380 Christianus,
1063 1302 1204 1368 emedio

247 1407 436 1493 rapuissent,
448 1408 516 1491 jam
533 1406 722 1471 innotuisset
737 1417 770 1470 et
784 1406 917 1472 mundo.
960 1408 1059 1471 Unde
1074 1419 1107 1471 et
1123 1406 1201 1471 mihi

246 1510 288 1574 de
297 1508 584 1574 vestradilectione
597 1530 711 1571 censeo
725 1508 824 1571 tutius
836 1507 914 1572 etin
927 1507 1054 1573 Christo
1066 1510 1203 1595 amplius

249 1610 520 1698 praesumendum,
534 1610 667 1675 credens
682 1610 767 1697 quod
784 1610 867 1676 sicut
878 1633 932 1675 vos
942 1610 991 1675 vir
1005 1610 1206 1677 beatissimus

253 1732 468 1778 successorem
492 1711 659 1797 praeelegit
680 1710 818 1793 honoris,
832 1711 888 1787 ita,
904 1710 1004 1775 immo
1025 1712 1137 1796 magis,
1153 1712 1210 1777 ha·

248 1816 325 1882 bere
341 1815 464 1879 studuit
479 1814 642 1879 haeredem
658 1813 807 1879 caritatis.
854 1814 903 1879 Ea
918 1836 995 1899 ergo
1010 1814 1128 1880 fiducia
1143 1838 1208 1903 qua

249 1920 353 2006 ipsum
381 1940 619 1999 consueveram,
640 1916 786 2004 alloquor
806 1927 840 1981 et
862 1940 927 1994 vos,
951 1918 1027 2005 quia
1052 1919 1135 1983 sicut
1160 1919 1207 1984 illi

250 2022 439 2109 obsequium
454 2044 563 2085 meum
586 2020 682 2107 plena
697 2032 730 2084 et
745 2020 869 2085 sincera
887 2020 1053 2086 affectione
1071 2023 1207 2088 devove-

251 2146 337 2190 ram:
360 2125 405 2189 ita
420 2136 453 2188 et
467 2124 555 2211 quod
574 2124 606 2188 in
628 2146 680 2188 me
701 2134 884 2210 promptum
901 2136 959 2202 est,
976 2125 1087 2190 honori
1102 2137 1206 2191 vestro

252 2238 284 2291 et
298 2227 408 2311 gloriae
424 2238 552 2313 paratus
566 2248 638 2291 sum
653 2225 815 2293 inservire.
855 2226 1018 2291 Caeterum
1033 2249 1098 2292 non
1114 2227 1208 2293 video

253 2354 317 2419 quo
342 2332 438 2395 modo
462 2342 566 2396 vester
595 2341 652 2395 aut
679 2330 824 2395 acclesiae
854 2330 1010 2397 Romanae
1036 2332 1207 2399 subsistere

252 2434 349 2520 possit
364 2434 474 2510 honor,
491 2444 525 2498 et
539 2432 644 2497 unitas
659 2433 777 2498 servari
791 2433 930 2518 corporis
948 2434 1076 2512 Christi,
1093 2434 1118 2499 si
1134 2458 1208 2521 per·

252 2556 400 2600 sonarum
415 2534 490 2599 estis
505 2546 688 2621 acceptores
703 2544 737 2598 et
750 2556 934 2616 munerum,
948 2534 974 2599 si
991 2536 1079 2601 vobis
1088 2536 1206 2620 judici·

251 2637 311 2700 bus
325 2636 409 2720 perit
428 2635 600 2699 innocens:
631 2646 664 2698 et
678 2635 764 2721 quod
786 2658 890 2721 nuper
912 2636 1020 2701 Gallia
1041 2637 1110 2701 fieri
1125 2637 1206 2702 vidit

253 2750 287 2805 et
310 2738 422 2813 doluit,
446 2738 650 2823 impoenitens
671 2737 845 2804 absolvitur
866 2738 1073 2807 criminosus:
1106 2740 1131 2805 si
1154 2763 1207 2806 ec·
1264 2725 1267 2730 ¹

253 2841 350 2906 clesia
375 2840 440 2905 Dei
462 2839 627 2924 spolianda
648 2850 681 2904 et
704 2841 920 2906 conculcanda
943 2841 1084 2927 tyrannis
1110 2863 1209 2928 expo-

254 2943 359 3010 nitur:
393 2943 419 3007 si
445 2941 597 3029 iniquitas
623 2952 736 3028 potens
765 2955 799 3006 et
820 2954 933 3029 patens
960 2943 994 3007 in
1024 2943 1207 3009 consistorio

254 3058 358 3112 vestro
373 3046 413 3111 de
423 3045 550 3130 justitia
565 3045 734 3133 manifesta
749 3045 938 3132 triumphat:
955 3046 981 3111 si
996 3046 1102 3112 clerici
1117 3047 1206 3114 vobis

253 3146 525 3212 consentientibus
547 3156 603 3209 aut
625 3145 897 3211 dissimulantibus
918 3147 1036 3213 dantur
1055 3148 1095 3213 ad
1115 3150 1207 3215 victi·

253 3274 339 3316 mam
355 3250 436 3316 sicut
451 3272 525 3317 oves
539 3248 721 3317 occisionis:
738 3249 764 3314 si
779 3261 940 3337 usurpatae
956 3251 1126 3338 pravitates
1137 3275 1207 3319 ves·

254 3365 303 3418 tro
325 3353 451 3418 silentio
474 3363 508 3418 et
532 3364 659 3438 torpore
685 3352 911 3418 servandarum
938 3354 1035 3419 robur
1058 3355 1206 3422 obtinent

254 3457 372 3541 legum.
419 3457 491 3521 Hoc
513 3456 600 3520 enim
617 3466 665 3521 est
680 3479 737 3543 pro
756 3479 821 3544 quo
834 3457 975 3535 exulant,
992 3469 1025 3523 et
1039 3460 1205 3547 proscripti

255 3571 329 3624 sunt
356 3560 465 3624 miseri
492 3559 738 3625 Cantuarienses
762 3561 839 3647 quia
863 3560 979 3626 mutire
1003 3562 1123 3628 audent
1148 3587 1205 3651 pro

258 3662 412 3727 Ecclesioe
428 3662 594 3730 libertate:
618 3663 695 3749 quia
709 3663 792 3727 sedis
806 3663 988 3750 apostolicae
1003 3664 1204 3751 privilegium

255 3776 486 3852 protestantur:
508 3769 585 3854 quia
598 3765 820 3832 traditionibus
839 3767 1010 3853 impiorum
1025 3769 1206 3835 anteferen-

255 3867 312 3932 das
322 3869 499 3955 praedicant
510 3880 690 3934 sanctorum
702 3882 829 3956 patrum
838 3871 1006 3936 canonicas
1016 3873 1204 3941 sanctiones.

259 3971 436 4049 Revolvite,
452 3972 479 4036 si
500 3971 615 4058 placet,
635 3971 780 4037 libellum
802 3973 1061 4039 detestandarum
1084 3976 1207 4041 abomi-

257 4075 435 4153 nationum,
458 4086 492 4139 et
513 4075 607 4161 plane
630 4075 777 4141 videbitis
798 4077 886 4163 quod
907 4077 1076 4142 adversarii
1099 4081 1207 4156 nostri,

257 4176 357 4241 immo
371 4189 406 4242 ct
419 4177 514 4242 vestri
529 4189 562 4243 et
576 4178 673 4243 totius
688 4179 831 4243 ecclesiae
855 4179 918 4244 Dei
933 4179 1062 4244 dorsum
1078 4201 1210 4244 conver-

257 4290 367 4344 terunt
380 4279 421 4344 ad
436 4282 651 4346 sanctuarium
667 4282 811 4364 Domini,
826 4293 859 4346 et
873 4282 979 4366 legem
995 4301 1058 4342 non
1075 4281 1210 4365 propha-

260 4402 348 4463 nare,
376 4383 433 4448 sed
468 4396 611 4449 evertere
646 4384 831 4450 moliuntur.
885 4383 920 4448 Si
949 4380 1012 4444 illis
1041 4380 1211 4444 decernitis

1187 4582 1468 4818 Α
