3384 5525
458 780 522 838 208
707 791 843 835 sosums
859 787 1140 834 slansaunmnsrs
1320 767 1366 847 [Δ.
1383 787 1413 830 n.

454 956 486 1007 et
509 942 671 1016 honorem,
696 941 784 1026 quod
808 939 938 1026 quidem
962 951 993 1003 et
1016 962 1076 1022 ego
1099 938 1192 1012 facio,
1216 936 1354 1023 cupiatis
1376 950 1411 1001 ut

454 1047 624 1108 vestrum?

497 1142 554 1205 Vir
568 1144 649 1207 enim
666 1156 714 1207 est
728 1144 814 1206 omni
837 1142 932 1205 laude
953 1143 1063 1228 major,
1079 1141 1105 1205 si
1120 1141 1260 1206 ecclesiae
1284 1141 1359 1219 Dei,
1376 1153 1409 1204 ut

455 1257 592 1329 oportet,
609 1244 747 1309 deferret
764 1244 876 1330 magis,
892 1256 923 1307 et
939 1265 1011 1307 cum
1027 1243 1077 1307 his
1101 1242 1277 1307 modestius
1291 1254 1409 1327 ageret,

455 1347 510 1432 qui
527 1370 598 1411 cum
614 1371 652 1410 eo
667 1347 870 1423 contrahunt,
886 1359 918 1410 et
933 1346 1042 1432 aliqua
1059 1348 1191 1421 ratione,
1213 1368 1277 1409 non
1290 1346 1412 1431 impetu

454 1452 512 1513 irae
529 1449 578 1512 vel
594 1451 725 1513 alterius
744 1448 938 1536 reprimendi
958 1452 1102 1529 affectus,
1120 1460 1152 1513 et
1168 1448 1209 1511 ad
1231 1470 1409 1512 mensuram

456 1551 552 1635 regiae
566 1551 735 1635 gravitatis
751 1551 892 1633 linguam
908 1552 1070 1616 cohiberet
1086 1563 1117 1614 et
1133 1551 1283 1615 animum.
1326 1548 1410 1613 Alias

456 1664 563 1715 autem
582 1666 705 1717 naturae
726 1654 844 1738 pariter
865 1668 896 1718 et
916 1654 1029 1738 gratiae
1051 1666 1099 1717 tot
1115 1667 1146 1717 et
1164 1652 1263 1717 tantis
1279 1651 1410 1716 dotibus

456 1753 610 1838 praeditus
639 1768 698 1831 est,
724 1768 759 1819 ut
789 1757 817 1818 ei
849 1755 1028 1841 principum
1054 1754 1171 1835 nullus,
1198 1753 1285 1837 quod
1313 1752 1412 1837 magis

455 1853 655 1933 crediderim,
677 1855 727 1917 vel
758 1855 930 1920 admodum
958 1878 1059 1935 rarus,
1082 1853 1167 1939 quod
1195 1852 1413 1918 indubitanter

456 1954 602 2033 dixerim,
618 1955 728 2019 similis
750 1951 946 2022 inveniretur
966 1960 999 2020 in
1019 1958 1106 2021 orbe.
1153 1955 1268 2018 Timeo
1283 1977 1359 2017 vero
1374 1976 1412 2017 ne

456 2057 547 2120 vobis
569 2058 656 2142 apud
678 2082 748 2123 eum
772 2061 917 2123 nocuerit
939 2058 1018 2122 fides
1039 2071 1072 2122 et
1094 2056 1274 2121 officiositas
1298 2070 1413 2131 vestro,

456 2182 495 2222 eo
511 2159 598 2245 quod
610 2159 817 2247 colloquium,
841 2161 923 2224 sicut
933 2160 973 2223 ad
990 2161 1140 2224 honorem
1156 2160 1227 2245 ejus
1243 2158 1410 2236 volebatis,

456 2283 520 2325 non
536 2262 685 2347 potuistis
700 2286 718 2326 a
735 2263 956 2327 Cantuariensi
979 2264 1215 2349 archiepiscopo
1230 2262 1411 2346 impetrare.

457 2364 554 2427 Unde
570 2383 681 2450 precor
696 2365 859 2439 attentiuS,
876 2378 912 2429 ut
929 2365 1006 2428 mihi
1022 2366 1095 2451 quis
1110 2364 1196 2430 illius
1211 2362 1299 2427 verbi
1314 2362 1411 2426 fuerit

456 2466 573 2544 exitus,
589 2484 620 2531 et
636 2490 710 2552 quae
732 2467 815 2531 circa
830 2490 887 2530 vos
910 2481 982 2532 sunt
1006 2480 1036 2531 et
1060 2464 1412 2551 vestrates.significare

457 2564 641 2651 dignemini.
679 2568 717 2629 In
734 2566 862 2651 negotio
877 2580 983 2631 autem
1000 2567 1087 2652 quod
1105 2566 1194 2630 vobis
1210 2564 1411 2651 praesentium

457 2667 540 2733 lator
569 2682 719 2754 exponet,
746 2668 789 2732 sic
819 2669 969 2753 procedat
1000 2668 1165 2753 diligentia
1189 2679 1306 2744 vestra,
1334 2667 1412 2731 sieut

458 2771 594 2834 maxime
615 2769 759 2834 videritis
775 2770 935 2854 expedire.
981 2773 1032 2834 De
1047 2771 1096 2834 his
1112 2793 1187 2833 vero
1202 2771 1258 2854 qui
1277 2771 1412 2833 Romam

457 2874 591 2960 profecti
622 2885 706 2952 sunt,
721 2873 801 2936 nihil
823 2871 929 2937 adhuc
951 2887 1075 2938 certum
1101 2885 1204 2951 teneo,
1229 2871 1285 2934 sed
1308 2892 1409 2957 quum

458 2973 653 3039 innotuerint
680 2974 857 3050 referenda,
883 2973 959 3038 data
984 2974 1140 3038 divinitus
1169 2971 1411 3058 opportunitate

458 3097 528 3139 meo
545 3075 652 3141 studio
667 3089 858 3160 procurante
874 3074 1113 3159 proficiscentur
1127 3075 1168 3140 ad
1185 3098 1249 3140 vos.

532 3385 752 3448 EPISTOLA
776 3385 1147 3450 CCLXXXVIIl.-an
1162 3402 1331 3447 anconam

728 3502 771 3545 nu
787 3503 886 3547 oxus.
929 3486 973 3564 [A.
988 3505 1019 3549 n.
1039 3484 1147 3563 lisa]

726 3651 817 3714 Idem
834 3652 972 3732 Hugoni
987 3653 1026 3714 de
1043 3651 1142 3714 Gant.

502 3782 670 3844 xenonas
683 3779 860 3863 gratiarum
876 3777 1000 3842 debitas
1020 3776 1162 3864 parturit
1176 3775 1311 3839 animus.
1350 3773 1411 3838 Sed

458 3893 496 3946 ut
519 3882 564 3946 ait
589 3882 757 3968 propheta,
780 3881 863 3946 vires
884 3904 946 3945 non
972 3881 1070 3945 habet
1091 3878 1282 3965 parturiens.
1328 3881 1411 3941 Nam

457 3981 635 4046 devotionis
649 3981 796 4045 effectum
809 3982 974 4066 suspendit
989 3980 1143 4044 hactenus
1157 3976 1413 4064 persequutionis

457 4084 624 4160 acerbitas,
640 4082 694 4146 sed
711 4082 872 4159 affectum,
890 4083 967 4169 quin
989 4083 1021 4145 in
1044 4094 1173 4166 partum
1188 4079 1413 4164 gratulationis

456 4205 623 4269 erumpere
637 4182 763 4268 gestiat,
776 4183 865 4246 nulla
877 4184 924 4246 vis
939 4195 1044 4269 potest
1059 4194 1116 4244 aut
1133 4181 1240 4266 potuit
1256 4177 1412 4242 cohibere.

457 4287 503 4349 Et
528 4284 657 4370 quidem
683 4284 753 4348 Deo
784 4285 977 4370 propitiante
1002 4285 1070 4369 jam
1097 4282 1128 4345 in
1156 4303 1230 4345 eum
1254 4279 1413 4344 calculum

458 4386 577 4450 Christi
605 4401 636 4451 et
660 4387 799 4452 ecclesiae
826 4409 892 4451 suae
916 4407 1010 4450 causa
1038 4384 1195 4469 perducta
1220 4394 1279 4458 est,
1305 4394 1342 4446 ut
1373 4380 1412 4444 de
