3384 5525
546 749 765 829 1167.]
1305 766 1664 811 EPISTOLAE.
2247 817 2253 821 ,
2364 756 2447 815 63

540 920 1001 1003 aliquantulum
1058 927 1491 1001 temperasset,
1546 919 1808 981 fortasse
1869 919 1993 982 sibi
2052 920 2178 1003 ipsi
2229 922 2449 987 utilius

536 1021 970 1105 prospexisset
1005 1021 1070 1082 iu
1102 1028 1447 1101 posterum.
1537 1020 1645 1080 Ex
1685 1040 1764 1082 eo
1805 1028 2020 1083 tamen
2063 1021 2229 1104 ipso,
2274 1022 2445 1087 unde

536 1121 1023 1204 praejudicatum
1081 1120 1330 1183 videtur
1394 1120 1904 1204 archiepiscope,
1962 1131 2190 1204 praeter
2238 1123 2444 1186 inten-

534 1222 776 1285 tionem
828 1224 1184 1303 gerentium
1236 1222 1296 1283 ei
1340 1230 1757 1303 prospectum
1809 1230 1941 1285 est:
2013 1231 2081 1285 et
2130 1234 2308 1305 patet
2359 1245 2440 1286 ex

530 1325 931 1388 absolutione
955 1324 1649 1387 excommunicatorum
1676 1323 1732 1405 ej
1744 1344 1841 1401 uS,
1867 1345 2059 1406 quam
2081 1326 2442 1409 periculose

530 1428 623 1489 eis
655 1436 843 1490 antea
882 1424 1422 1489 communicatum
1454 1424 1555 1487 sit.
1644 1425 1749 1490 De
1781 1424 1904 1487 hac
1941 1435 2157 1489 tamen
2188 1428 2439 1491 absolu-

531 1530 730 1606 tione,
752 1538 818 1590 et
846 1527 987 1590 aliis
1013 1547 1270 1589 causam
1301 1526 1465 1588 hanc
1492 1524 2036 1606 contingentibuS,
2060 1528 2442 1593 necessitate

531 1627 821 1691 mandati
850 1625 931 1689 ad
972 1626 1296 1689 silentium
1326 1636 1721 1691 coarctamur
1757 1646 1963 1707 usque
1997 1627 2063 1689 in
2097 1626 2269 1690 diem
2310 1649 2444 1691 cer-

534 1740 667 1792 tum
702 1751 833 1812 quo
865 1738 1118 1792 constet
1161 1749 1241 1790 an
1274 1726 1571 1790 dominus
1614 1747 1789 1811 papa
1823 1727 2256 1811 pactionibuS,
2285 1751 2446 1812 quas

528 1829 790 1895 admisit
832 1830 900 1892 in
945 1850 1141 1893 causa
1184 1829 1502 1907 ecclesiae‚
1547 1828 1896 1892 instructus
1941 1829 2045 1906 sit,
2075 1851 2159 1892 an
2199 1830 2442 1893 illusus.

531 1931 798 1992 Interim
827 1929 988 1991 nihil
1018 1926 1193 1991 aliud
1233 1928 1563 1991 consulere
1593 1948 1860 2009 possum
1893 1950 2085 2012 quam
2132 1929 2302 2013 quod
2335 1932 2446 1993 lex

534 2030 752 2095 divina
793 2031 1170 2114 praescribit,
1203 2031 1378 2113 quod
1426 2030 1571 2092 Deo
1618 2030 1833 2112 potius
1881 2041 2134 2114 oportet
2179 2031 2441 2095 obedire

533 2155 723 2217 quam
753 2133 1155 2196 hominibus:
1211 2153 1331 2194 nec
1374 2152 1664 2213 unquam
1713 2141 2128 2213 acceptantur
2165 2132 2440 2194 victimae

533 2229 961 2298 ohedientiam
991 2233 1456 2297 subtrahentis:
1510 2253 1629 2297 nec
1664 2232 2003 2295 salubriter
2037 2230 2298 2312 incedit,
2330 2234 2440 2317 qui

530 2334 749 2399 debito
773 2333 962 2399 officii
981 2336 1082 2399 sui
1103 2334 1423 2418 praeponit
1444 2335 1838 2397 voluntatem
1864 2332 2206 2397 mundanae
2229 2345 2443 2417 potes-

532 2437 698 2500 tatis.
787 2438 937 2501 Hoc
989 2436 1170 2499 vobis
1220 2438 1449 2519 loquor
1498 2446 1808 2515 tanquam
1861 2435 2026 2517 patri
2070 2446 2135 2497 et
2178 2434 2442 2499 domino

531 2559 745 2601 coram
786 2539 951 2616 De0,
982 2559 1171 2621 quem
1198 2548 1422 2599 testem
1454 2536 1687 2598 invoco
1716 2536 1784 2598 in
1817 2536 2093 2598 animam
2123 2557 2336 2599 meam
2373 2535 2441 2599 in

528 2636 818 2700 districto
859 2638 1193 2699 examine:
1256 2635 1425 2718 quia,
1473 2636 1531 2697 si
1573 2636 1946 2699 salubrioris
1985 2636 2239 2699 consilii
2280 2636 2443 2700 mihi

522 2746 770 2820 pateret
798 2738 920 2813 via,
948 2737 1123 2799 illam
1151 2737 1330 2799 vobis
1359 2735 1694 2800 devotione
1727 2737 2202 2820 promptissima
2233 2736 2440 2819 aperi-

528 2860 683 2902 rem.
773 2840 863 2900 Et
904 2838 958 2900 si
992 2837 1276 2900 videritis
1313 2838 1381 2899 in
1427 2857 1556 2918 quo
1594 2836 1776 2899 vobis
1821 2839 2071 2900 valeam
2117 2838 2444 2900 officiosus

529 2962 697 3018 esse,
727 2959 949 3003 secure
979 2939 1305 3022 praecipite
1349 2959 1434 3001 ex
1465 2938 1680 3000 animo
1709 2958 1827 3018 pro
1869 2938 2108 3000 viribus
2139 2937 2441 3018 parituro.

529 3040 744 3106 Credo
789 3059 905 3102 vos
948 3041 1265 3122 recepisse
1310 3040 1525 3102 literas
1568 3059 1728 3121 quas
1773 3038 1919 3102 misi
1963 3037 2223 3101 domino
2269 3036 2442 3101 Con-

528 3141 860 3206 stantiensi
919 3149 989 3204 et
1048 3139 1441 3204 amicissimo
1500 3161 1645 3202 meo
1705 3139 2177 3217 archidiacon0‚
2229 3149 2300 3202 ut
2358 3138 2441 3202 ad

527 3264 811 3326 praesens
836 3243 1023 3326 plura
1054 3241 1330 3305 scribere
1358 3262 1491 3304 non
1526 3251 1840 3325 oporteat.

526 3556 973 3621 EPISTOLA
1028 3555 1543 3621 CCXVII.—An
1584 3573 1912 3620 RerRnM
1944 3573 2150 3621 Ense.
2183 3577 2435 3623 wrooR-

1055 3675 1346 3720 NENSEM.
1447 3659 1539 3738 [A.
1572 3676 1635 3720 n.
1675 3657 1896 3737 1167]

959 3798 1239 3878 Domino
1268 3814 1540 3897 Roqerio
1580 3815 2006 3895 Wigornensi.

612 3949 1081 4013 Conmnmm
1103 3969 1360 4012 securas
1390 3949 1622 4013 emittit
1644 3971 1893 4032 preces,
1911 3973 2032 4016 nec
2054 3953 2249 4038 justae
2272 3957 2438 4040 peti-

520 4049 718 4112 tionis
755 4051 1076 4133 repulsam
1119 4060 1368 4112 veretur
1410 4049 1584 4134 apud
1630 4052 1928 4131 amicum,
1974 4054 2087 4136 qui
2133 4056 2216 4120 ad
2263 4057 2433 4120 illius

523 4171 775 4234 semper
802 4163 903 4214 est
931 4151 1262 4215 accinctus
1291 4152 1690 4247 obsequium.
1753 4153 1931 4227 Quid
1960 4164 2175 4239 autem
2191 4154 2435 4265 justius

530 4260 629 4314 est
658 4271 849 4336 quam
893 4259 966 4315 ut
1003 4242 1359 4315 Dominum
1389 4251 1603 4315 fidelis
1635 4253 1877 4317 animet
1907 4253 1991 4317 ad
2019 4253 2274 4369 efficia.
2283 4321 2295 4326 ,

526 4350 715 4416 tatis:
772 4362 837 4415 et
866 4353 1202 4416 Dominus·
1230 4352 1299 4415 in
1335 4354 1559 4418 salutis
1587 4377 1719 4417 sum
1759 4377 1901 4417 cum
