3384 5525
367 796 484 882 llos]
780 812 956 857 unrsronn.
1270 798 1330 856 133

363 981 430 1033 tem
454 979 485 1031 et
510 987 718 1051 generosum:
745 963 805 1027 sibi
830 986 904 1026 vero
926 976 958 1027 et
980 964 1046 1027 suis
1066 964 1189 1027 exitum
1219 979 1326 1050 patere

365 1092 427 1155 pro
442 1067 549 1133 libitu.
597 1067 735 1130 'l'antam
750 1065 882 1151 quidem
897 1065 1114 1129 adhibuerunt
1130 1064 1326 1151 diligentiam

361 1170 532 1237 obsidibus
547 1168 732 1247 retinendis,
747 1183 783 1231 ut
799 1167 956 1232 neminem
976 1168 1196 1253 permitterent
1216 1170 1326 1255 egredi

364 1274 422 1362 qui
441 1272 555 1338 Italice
577 1272 773 1358 loqueretur.
822 1274 1001 1356 Imperator
1021 1284 1140 1350 autem,
1162 1285 1326 1357 assumpto

371 1378 488 1442 babitu
500 1375 682 1454 servientis,
703 1373 796 1459 quasi
821 1387 859 1436 ut
881 1373 1018 1458 alicujus
1041 1374 1148 1458 magni
1170 1374 1230 1439 viri
1255 1398 1326 1459 pro-

367 1493 496 1545 curaret
525 1477 714 1564 hospitium,
744 1499 815 1541 cum
847 1476 916 1541 aliis
945 1476 1089 1562 quinque
1115 1478 1325 1543 servientibus

366 1595 465 1652 noctu
491 1603 640 1667 egressus
665 1592 724 1660 est,
747 1580 840 1645 laetus
863 1580 952 1665 quod
974 1579 1002 1643 ei
1028 1579 1096 1643 fata
1110 1594 1325 1646 concesserant

369 1684 500 1751 Italiam
523 1682 668 1769 perdere,
693 1705 787 1769 quam
811 1681 1012 1748 demeruerat
1036 1683 1156 1747 divitus
1182 1683 1328 1749 retinere.

370 1784 455 1850 Inde
476 1784 631 1849 transiens
654 1782 880 1870 Chrysopolim
903 1807 992 1847 suam
1013 1785 1155 1849 turbavit
1176 1790 1329 1869 Burgun-

369 1886 469 1963 diam,
500 1885 685 1972 proceribus
714 1886 876 1950 intentans
897 1886 1018 1949 minas:
1050 1900 1081 1950 et
1112 1888 1327 1971 progrediens,

369 1987 589 2055 Alemanniam
612 2000 644 2051 et
670 1986 838 2051 Saxoniam
863 2010 959 2073 supra
974 1989 1105 2053 modum
1120 1989 1265 2053 turbatas
1280 2013 1328 2053 re-

369 2090 466 2176 perit,
488 2102 521 2153 et
543 2089 674 2153 fratrem
696 2112 789 2152 suurn
811 2089 907 2153 sentit
928 2112 992 2175 prae
1013 2090 1134 2155 caeteiis
1154 2089 1327 2166 inimicum,

370 2215 473 2279 quum
484 2204 589 2256 tamen
602 2190 630 2254 ei
642 2190 773 2278 plurimi
785 2192 1004 2256 adversentur.
1042 2195 1143 2256 Porro
1155 2193 1328 2257 Lombardi

369 2310 444 2382 post
464 2314 627 2379 egressum
649 2295 720 2380 ejus
742 2293 952 2358 Blandratum
973 2294 1154 2371 diruerunt,
1178 2296 1329 2359 extractis

370 2397 447 2462 inde
455 2395 622 2460 obsidibus
637 2397 692 2482 qui
703 2396 749 2459 ibi
759 2395 859 2460 relicti
870 2408 971 2474 erant,
982 2409 1014 2460 et
1026 2396 1199 2464 intersectis
1209 2400 1329 2463 Teuto-

370 2501 452 2590 nicis
466 2500 534 2565 fere
549 2497 697 2563 omnibus
708 2521 790 2585 quos
798 2498 839 2562 ad
850 2498 1028 2564 custodiam
1038 2503 1133 2564 castri
1144 2501 1328 2565 deseruerat

372 2603 557 2690 imperator.
603 2604 722 2667 Decem
745 2615 853 2665 autem
877 2602 1088 2667 nobilissimos
1103 2617 1135 2668 et
1157 2604 1330 2669 ditissimos

373 2708 568 2773 Alemannos
589 2703 759 2782 dederunt,
774 2706 807 2769 in
829 2705 977 2771 solatium
998 2707 1115 2785 mariti,
1131 2708 1224 2772 uxori
1244 2708 1330 2774 illius

374 2809 555 2874 Brixieusis
576 2831 672 2894 quem
703 2831 801 2894 supra
822 2832 923 2895 prope
955 2811 1114 2874 Secusiam
1141 2833 1329 2895 suspensum

374 2909 486 2988 retuli,
501 2922 537 2974 ut
560 2909 626 2986 illa,
643 2921 737 2995 prout
762 2909 903 2984 libuerit,
924 2932 977 2972 eos
992 2923 1048 2973 aut
1069 2911 1255 2995 suspendat,
1273 2924 1330 2974 aut

374 3010 1332 3099 perpetuaesubjiciatservituti‚velredemptionemaccipiat.

375 3112 506 3177 Exinde
529 3112 645 3175 damna
667 3111 770 3175 multa
792 3111 965 3175 marchioni
992 3112 1145 3176 dicuntur
1166 3114 1329 3178 intulisse:

374 3228 407 3281 et
422 3237 510 3278 nunc
532 3236 641 3277 rumor
657 3229 706 3279 est
721 3237 775 3278 eos
796 3214 942 3278 obsidere
959 3216 1098 3301 Papiam.
1144 3219 1188 3280 Et
1209 3231 1330 3282 certum

373 3331 428 3384 est
456 3316 546 3404 quod
575 3315 746 3402 Pupienses
771 3317 838 3403 jam
871 3317 901 3381 in
927 3318 1148 3384 Alemanniam
1179 3323 1333 3384 miserunt

376 3420 511 3486 nuntios
536 3419 733 3506 imperatori,
756 3420 980 3485 denuntiantes
1005 3423 1092 3508 quod
1118 3423 1176 3486 nisi
1204 3423 1333 3488 redierit

377 3538 410 3588 et
422 3545 517 3608 opem
528 3521 649 3602 tulerit,
660 3520 749 3585 nulla
760 3522 881 3586 ratione
892 3538 1044 3610 poterunt
1056 3525 1179 3590 diutius
1190 3529 1335 3592 resistere

377 3625 575 3690 civitatibus.

422 3725 646 3790 Haeresiarcha
670 3728 850 3791 Cremensis
874 3728 986 3792 Romae
1008 3742 1055 3793 est
1079 3731 1164 3816 apud
1189 3749 1333 3796 sanctum

378 3832 525 3903 Petrum,
554 3828 611 3893 ubi
642 3852 715 3892 eum
748 3830 886 3893 Romani
917 3831 1032 3894 morari
1062 3833 1229 3917 patiuntur
1255 3837 1336 3900 inito

379 3929 570 3996 commercio
592 3929 634 3995 de
649 3930 819 3994 reddendis
834 3931 970 4016 captivis
985 3932 1070 3998 suis:
1103 3937 1156 4000 sed
1173 3951 1276 4001 tamen
1302 3952 1338 4002 ut

378 4034 472 4098 aiunt
489 4031 635 4096 recedere
649 4055 712 4097 non
726 4045 921 4118 paterentur.
960 4037 1139 4123 Episcopus
1151 4038 1337 4105 Albanensis

380 4135 504 4200 domini
530 4157 624 4221 papae
651 4135 735 4198 vices
760 4135 827 4219 agit
854 4139 887 4198 iu
918 4138 1014 4202 urbe:
1052 4153 1084 4202 et
1111 4140 1137 4203 si
1167 4142 1340 4205 Lombardi

380 4237 518 4322 Papiam
552 4234 703 4323 ceperint,
733 4259 805 4322 spes
841 4255 889 4301 cst
922 4239 1104 4303 Guidonem
1138 4241 1338 4304 Cremensem

384 4351 517 4425 captum
532 4339 584 4419 iri,
598 4353 631 4403 et
654 4340 741 4426 quod
757 4363 819 4404 uon
837 4341 932 4404 modo
947 4342 1083 4406 Romani
1104 4362 1223 4419 omnes,
1239 4340 1292 4403 sed
1309 4355 1341 4405 et

387 4443 510 4508 Tuscia
525 4454 594 4507 tota
609 4443 824 4508 schismaticos
846 4445 1059 4530 impugnabit.
1106 4441 1220 4505 Adhuc
1240 4454 1345 4521 autem
