<?xml version="1.0" encoding="UTF-8"?>
<!DOCTYPE html PUBLIC "-//W3C//DTD XHTML 1.0 Transitional//EN"
    "http://www.w3.org/TR/xhtml1/DTD/xhtml1-transitional.dtd">
<html xmlns="http://www.w3.org/1999/xhtml" xml:lang="en" lang="en">
 <head>
  <title>
</title>
<meta http-equiv="Content-Type" content="text/html;charset=utf-8" />
  <meta name='ocr-system' content='tesseract 3.04.00' />
  <meta name='ocr-capabilities' content='ocr_page ocr_carea ocr_par ocr_line ocrx_word'/>
</head>
<body>
  <div class='ocr_page' id='page_1' title='image "./joannissaresber05johngoog_0296.png"; bbox 0 0 3384 5525; ppageno 0'>
   <div class='ocr_carea' id='block_1_1' title="bbox 555 790 2453 887">
    <p class='ocr_par' dir='ltr' id='par_1_1' title="bbox 555 790 2453 887">
     <span class='ocr_line' id='line_1_1' title="bbox 555 790 2453 887; baseline 0 -19"><span class='ocrx_word' id='word_1_1' title='bbox 555 810 582 868; x_wconf 90' lang='lat'>1</span> <span class='ocrx_word' id='word_1_2' title='bbox 600 803 774 887; x_wconf 85' lang='lat'>173.]</span> <span class='ocrx_word' id='word_1_3' title='bbox 1352 822 1704 868; x_wconf 78' lang='lat' dir='ltr'>EPISTOLAE..</span> <span class='ocrx_word' id='word_1_4' title='bbox 1876 790 1892 811; x_wconf 74' lang='lat'><em>⁶</em></span> <span class='ocrx_word' id='word_1_5' title='bbox 2325 813 2453 870; x_wconf 75' lang='lat'>277</span> 
     </span>
    </p>
   </div>
   <div class='ocr_carea' id='block_1_2' title="bbox 539 971 2456 1546">
    <p class='ocr_par' dir='ltr' id='par_1_2' title="bbox 539 971 2456 1546">
     <span class='ocr_line' id='line_1_2' title="bbox 539 971 2450 1060; baseline -0.001 -21"><span class='ocrx_word' id='word_1_6' title='bbox 539 987 775 1039; x_wconf 85' lang='lat' dir='ltr'>vestrae</span> <span class='ocrx_word' id='word_1_7' title='bbox 796 975 1096 1060; x_wconf 88' lang='lat' dir='ltr'>perficere</span> <span class='ocrx_word' id='word_1_8' title='bbox 1116 971 1290 1059; x_wconf 91' lang='lat' dir='ltr'>quod</span> <span class='ocrx_word' id='word_1_9' title='bbox 1311 996 1425 1058; x_wconf 87' lang='lat' dir='ltr'>per</span> <span class='ocrx_word' id='word_1_10' title='bbox 1450 997 1559 1036; x_wconf 89' lang='lat' dir='ltr'>vos</span> <span class='ocrx_word' id='word_1_11' title='bbox 1590 987 1722 1037; x_wconf 88' lang='lat' dir='ltr'>tam</span> <span class='ocrx_word' id='word_1_12' title='bbox 1742 973 2146 1039; x_wconf 89' lang='lat' dir='ltr'>laudabiliter</span> <span class='ocrx_word' id='word_1_13' title='bbox 2168 989 2450 1060; x_wconf 88' lang='lat' dir='ltr'>coeptum</span> 
     </span>
     <span class='ocr_line' id='line_1_3' title="bbox 544 1073 2446 1161; baseline -0.002 -21"><span class='ocrx_word' id='word_1_14' title='bbox 544 1089 662 1153; x_wconf 91' lang='lat' dir='ltr'>est,</span> <span class='ocrx_word' id='word_1_15' title='bbox 695 1089 758 1140; x_wconf 92' lang='lat' dir='ltr'>et</span> <span class='ocrx_word' id='word_1_16' title='bbox 790 1075 1124 1161; x_wconf 89' lang='lat' dir='ltr'>providere</span> <span class='ocrx_word' id='word_1_17' title='bbox 1157 1096 1286 1160; x_wconf 91' lang='lat' dir='ltr'>quo</span> <span class='ocrx_word' id='word_1_18' title='bbox 1316 1073 1506 1137; x_wconf 92' lang='lat' dir='ltr'>modo</span> <span class='ocrx_word' id='word_1_19' title='bbox 1524 1078 1897 1139; x_wconf 90' lang='lat' dir='ltr'>maturitate</span> <span class='ocrx_word' id='word_1_20' title='bbox 1927 1074 2215 1137; x_wconf 88' lang='lat' dir='ltr'>adhibita</span> <span class='ocrx_word' id='word_1_21' title='bbox 2246 1078 2446 1158; x_wconf 85' lang='lat' dir='ltr'><strong>possit</strong></span> 
     </span>
     <span class='ocr_line' id='line_1_4' title="bbox 549 1175 2454 1263; baseline -0.002 -22"><span class='ocrx_word' id='word_1_22' title='bbox 549 1190 807 1263; x_wconf 90' lang='lat' dir='ltr'>accepta</span> <span class='ocrx_word' id='word_1_23' title='bbox 836 1177 1233 1262; x_wconf 85' lang='lat' dir='ltr'>plenitudine</span> <span class='ocrx_word' id='word_1_24' title='bbox 1275 1176 1631 1260; x_wconf 83' lang='lat' dir='ltr'>potestatiS,</span> <span class='ocrx_word' id='word_1_25' title='bbox 1673 1176 1910 1239; x_wconf 80' lang='lat' dir='ltr'>divinae</span> <span class='ocrx_word' id='word_1_26' title='bbox 1950 1175 2294 1240; x_wconf 88' lang='lat' dir='ltr'>vocationis</span> <span class='ocrx_word' id='word_1_27' title='bbox 2338 1176 2454 1238; x_wconf 91' lang='lat' dir='ltr'>im-</span> 
     </span>
     <span class='ocr_line' id='line_1_5' title="bbox 546 1277 2456 1365; baseline -0.002 -23"><span class='ocrx_word' id='word_1_28' title='bbox 546 1281 719 1365; x_wconf 89' lang='lat' dir='ltr'>plere</span> <span class='ocrx_word' id='word_1_29' title='bbox 767 1301 1017 1341; x_wconf 76' lang='lat' dir='ltr'>munus,</span> <span class='ocrx_word' id='word_1_30' title='bbox 1067 1278 1212 1341; x_wconf 85' lang='lat' dir='ltr'>Erit</span> <span class='ocrx_word' id='word_1_31' title='bbox 1246 1281 1437 1353; x_wconf 89' lang='lat' dir='ltr'>enim,</span> <span class='ocrx_word' id='word_1_32' title='bbox 1484 1278 1873 1363; x_wconf 87' lang='lat' dir='ltr'>propitiante</span> <span class='ocrx_word' id='word_1_33' title='bbox 1910 1279 2071 1358; x_wconf 83' lang='lat' dir='ltr'>Dec,</span> <span class='ocrx_word' id='word_1_34' title='bbox 2100 1277 2456 1341; x_wconf 84' lang='lat' dir='ltr'>firmissima</span> 
     </span>
     <span class='ocr_line' id='line_1_6' title="bbox 546 1378 2456 1465; baseline -0.002 -21"><span class='ocrx_word' id='word_1_35' title='bbox 546 1381 840 1446; x_wconf 89' lang='lat' dir='ltr'>columna</span> <span class='ocrx_word' id='word_1_36' title='bbox 886 1380 946 1443; x_wconf 89' lang='lat' dir='ltr'>in</span> <span class='ocrx_word' id='word_1_37' title='bbox 978 1379 1169 1442; x_wconf 90' lang='lat' dir='ltr'>domo</span> <span class='ocrx_word' id='word_1_38' title='bbox 1215 1380 1498 1455; x_wconf 79' lang='lat' dir='ltr'>Domini,</span> <span class='ocrx_word' id='word_1_39' title='bbox 1544 1393 1610 1442; x_wconf 88' lang='lat' dir='ltr'>et</span> <span class='ocrx_word' id='word_1_40' title='bbox 1640 1393 1771 1443; x_wconf 90' lang='lat' dir='ltr'>tam</span> <span class='ocrx_word' id='word_1_41' title='bbox 1804 1380 2079 1464; x_wconf 90' lang='lat' dir='ltr'>propriae</span> <span class='ocrx_word' id='word_1_42' title='bbox 2121 1402 2311 1465; x_wconf 88' lang='lat' dir='ltr'>quam</span> <span class='ocrx_word' id='word_1_43' title='bbox 2344 1378 2456 1441; x_wconf 86' lang='lat' dir='ltr'>ali-</span> 
     </span>
     <span class='ocr_line' id='line_1_7' title="bbox 546 1480 2362 1546; baseline -0.001 -1"><span class='ocrx_word' id='word_1_44' title='bbox 546 1504 728 1546; x_wconf 86' lang='lat' dir='ltr'>arum</span> <span class='ocrx_word' id='word_1_45' title='bbox 762 1481 1165 1545; x_wconf 89' lang='lat' dir='ltr'>ecclesiarum</span> <span class='ocrx_word' id='word_1_46' title='bbox 1199 1480 1599 1544; x_wconf 83' lang='lat' dir='ltr'>necessitates</span> <span class='ocrx_word' id='word_1_47' title='bbox 1632 1480 1973 1544; x_wconf 87' lang='lat' dir='ltr'>fortissime</span> <span class='ocrx_word' id='word_1_48' title='bbox 2005 1480 2362 1544; x_wconf 87' lang='lat' dir='ltr'>sustinebit.</span> 
     </span>
    </p>
   </div>
   <div class='ocr_carea' id='block_1_3' title="bbox 548 1740 2447 1921">
    <p class='ocr_par' dir='ltr' id='par_1_3' title="bbox 548 1740 2447 1921">
     <span class='ocr_line' id='line_1_8' title="bbox 548 1740 2447 1805; baseline -0.001 -1"><span class='ocrx_word' id='word_1_49' title='bbox 548 1742 991 1805; x_wconf 87' lang='lat' dir='ltr'><strong>EPISTOLA</strong></span> <span class='ocrx_word' id='word_1_50' title='bbox 1041 1740 1577 1804; x_wconf 81' lang='lat' dir='ltr'>CCCXIV.—An</span> <span class='ocrx_word' id='word_1_51' title='bbox 1608 1756 2041 1801; x_wconf 79' lang='lat' dir='ltr'><strong>HUMBALDUM</strong></span> <span class='ocrx_word' id='word_1_52' title='bbox 2077 1758 2447 1802; x_wconf 76' lang='lat' dir='ltr'>osTmNsEM</span> 
     </span>
     <span class='ocr_line' id='line_1_9' title="bbox 1046 1840 1959 1921; baseline -0.002 -18"><span class='ocrx_word' id='word_1_53' title='bbox 1046 1858 1434 1903; x_wconf 80' lang='lat' dir='ltr'>EPISCOPUM.</span> <span class='ocrx_word' id='word_1_54' title='bbox 1534 1840 1705 1919; x_wconf 82' lang='lat' dir='ltr'>[A.D.</span> <span class='ocrx_word' id='word_1_55' title='bbox 1747 1841 1959 1921; x_wconf 66' lang='lat'>1173]</span> 
     </span>
    </p>
   </div>
   <div class='ocr_carea' id='block_1_4' title="bbox 546 1958 2467 4468">
    <p class='ocr_par' dir='ltr' id='par_1_4' title="bbox 567 1958 2457 2241">
     <span class='ocr_line' id='line_1_10' title="bbox 567 1958 2454 2039; baseline 0.001 -20"><span class='ocrx_word' id='word_1_56' title='bbox 567 1958 922 2021; x_wconf 74' lang='lat' dir='ltr'>Venerabili</span> <span class='ocrx_word' id='word_1_57' title='bbox 944 1958 1224 2020; x_wconf 76' lang='lat' dir='ltr'>Domino</span> <span class='ocrx_word' id='word_1_58' title='bbox 1254 1965 1316 2019; x_wconf 80' lang='lat' dir='ltr'>et</span> <span class='ocrx_word' id='word_1_59' title='bbox 1346 1960 1538 2021; x_wconf 81' lang='lat' dir='ltr'>Patri</span> <span class='ocrx_word' id='word_1_60' title='bbox 1560 1959 1891 2019; x_wconf 79' lang='lat' dir='ltr'>carissimo</span> <span class='ocrx_word' id='word_1_61' title='bbox 1917 1960 2054 2021; x_wconf 82' lang='lat' dir='ltr'>Hu.</span> <span class='ocrx_word' id='word_1_62' title='bbox 2080 1959 2209 2021; x_wconf 87' lang='lat' dir='ltr'>Dei</span> <span class='ocrx_word' id='word_1_63' title='bbox 2225 1963 2454 2039; x_wconf 80' lang='lat' dir='ltr'>gratia</span> 
     </span>
     <span class='ocr_line' id='line_1_11' title="bbox 640 2059 2457 2140; baseline 0.001 -20"><span class='ocrx_word' id='word_1_64' title='bbox 640 2060 918 2121; x_wconf 77' lang='lat' dir='ltr'>Ostiensi</span> <span class='ocrx_word' id='word_1_65' title='bbox 948 2061 1264 2140; x_wconf 78' lang='lat' dir='ltr'>Episcopo</span> <span class='ocrx_word' id='word_1_66' title='bbox 1284 2060 1352 2122; x_wconf 89' lang='lat' dir='ltr'>J.</span> <span class='ocrx_word' id='word_1_67' title='bbox 1384 2060 1459 2121; x_wconf 87' lang='lat' dir='ltr'>de</span> <span class='ocrx_word' id='word_1_68' title='bbox 1489 2060 1641 2123; x_wconf 86' lang='lat' dir='ltr'>Sar.</span> <span class='ocrx_word' id='word_1_69' title='bbox 1673 2059 1942 2122; x_wconf 82' lang='lat' dir='ltr'>salutem</span> <span class='ocrx_word' id='word_1_70' title='bbox 1975 2067 2034 2121; x_wconf 90' lang='lat' dir='ltr'>et</span> <span class='ocrx_word' id='word_1_71' title='bbox 2046 2060 2258 2140; x_wconf 71' lang='lat' dir='ltr'>plena*</span> <span class='ocrx_word' id='word_1_72' title='bbox 2280 2060 2457 2122; x_wconf 84' lang='lat' dir='ltr'>devo-</span> 
     </span>
     <span class='ocr_line' id='line_1_12' title="bbox 634 2162 1173 2241; baseline 0.004 -20"><span class='ocrx_word' id='word_1_73' title='bbox 634 2162 825 2222; x_wconf 79' lang='lat' dir='ltr'>tionis</span> <span class='ocrx_word' id='word_1_74' title='bbox 856 2162 1173 2241; x_wconf 82' lang='lat' dir='ltr'>obsequia.</span> 
     </span>
    </p>

    <p class='ocr_par' dir='ltr' id='par_1_5' title="bbox 546 2277 2467 4468">
     <span class='ocr_line' id='line_1_13' title="bbox 640 2277 2456 2363; baseline 0.002 -24"><span class='ocrx_word' id='word_1_75' title='bbox 640 2277 971 2340; x_wconf 80' lang='lat' dir='ltr'>VERERER</span> <span class='ocrx_word' id='word_1_76' title='bbox 1003 2289 1243 2341; x_wconf 88' lang='lat' dir='ltr'>tantam</span> <span class='ocrx_word' id='word_1_77' title='bbox 1269 2277 1508 2362; x_wconf 86' lang='lat' dir='ltr'>alloqui</span> <span class='ocrx_word' id='word_1_78' title='bbox 1533 2279 1951 2363; x_wconf 85' lang='lat' dir='ltr'>majestatem,</span> <span class='ocrx_word' id='word_1_79' title='bbox 1973 2278 2089 2342; x_wconf 90' lang='lat' dir='ltr'>nisi</span> <span class='ocrx_word' id='word_1_80' title='bbox 2116 2303 2216 2343; x_wconf 91' lang='lat' dir='ltr'>me</span> <span class='ocrx_word' id='word_1_81' title='bbox 2247 2293 2456 2344; x_wconf 89' lang='lat' dir='ltr'>vestra</span> 
     </span>
     <span class='ocr_line' id='line_1_14' title="bbox 547 2377 2454 2461; baseline 0.002 -19"><span class='ocrx_word' id='word_1_82' title='bbox 547 2377 904 2461; x_wconf 86' lang='lat' dir='ltr'>benignitas</span> <span class='ocrx_word' id='word_1_83' title='bbox 926 2378 1252 2455; x_wconf 89' lang='lat' dir='ltr'>relevaret,</span> <span class='ocrx_word' id='word_1_84' title='bbox 1274 2392 1334 2442; x_wconf 91' lang='lat' dir='ltr'>et</span> <span class='ocrx_word' id='word_1_85' title='bbox 1360 2382 1667 2442; x_wconf 90' lang='lat' dir='ltr'>animaret</span> <span class='ocrx_word' id='word_1_86' title='bbox 1689 2380 1772 2442; x_wconf 91' lang='lat' dir='ltr'>ad</span> <span class='ocrx_word' id='word_1_87' title='bbox 1795 2382 2061 2443; x_wconf 89' lang='lat' dir='ltr'>verbum</span> <span class='ocrx_word' id='word_1_88' title='bbox 2097 2381 2267 2444; x_wconf 89' lang='lat' dir='ltr'>illius</span> <span class='ocrx_word' id='word_1_89' title='bbox 2289 2404 2454 2445; x_wconf 85' lang='lat' dir='ltr'>verae</span> 
     </span>
     <span class='ocr_line' id='line_1_15' title="bbox 559 2478 2459 2565; baseline 0.001 -22"><span class='ocrx_word' id='word_1_90' title='bbox 559 2478 840 2544; x_wconf 89' lang='lat' dir='ltr'>caritatis</span> <span class='ocrx_word' id='word_1_91' title='bbox 871 2481 1224 2544; x_wconf 86' lang='lat' dir='ltr'>recordatio</span> <span class='ocrx_word' id='word_1_92' title='bbox 1255 2502 1448 2565; x_wconf 91' lang='lat' dir='ltr'>quam</span> <span class='ocrx_word' id='word_1_93' title='bbox 1479 2502 1614 2565; x_wconf 86' lang='lat' dir='ltr'>prae</span> <span class='ocrx_word' id='word_1_94' title='bbox 1646 2482 1893 2544; x_wconf 84' lang='lat' dir='ltr'>caeteris</span> <span class='ocrx_word' id='word_1_95' title='bbox 1921 2481 2052 2543; x_wconf 86' lang='lat' dir='ltr'>fere</span> <span class='ocrx_word' id='word_1_96' title='bbox 2082 2482 2459 2547; x_wconf 87' lang='lat' dir='ltr'>mortalibus</span> 
     </span>
     <span class='ocr_line' id='line_1_16' title="bbox 558 2579 2458 2666; baseline 0.001 -23"><span class='ocrx_word' id='word_1_97' title='bbox 558 2579 641 2644; x_wconf 89' lang='lat' dir='ltr'>ad</span> <span class='ocrx_word' id='word_1_98' title='bbox 670 2593 956 2645; x_wconf 89' lang='lat' dir='ltr'>sanctum</span> <span class='ocrx_word' id='word_1_99' title='bbox 992 2594 1145 2645; x_wconf 90' lang='lat' dir='ltr'>tunc</span> <span class='ocrx_word' id='word_1_100' title='bbox 1175 2581 1615 2659; x_wconf 87' lang='lat' dir='ltr'>confessorem,</span> <span class='ocrx_word' id='word_1_101' title='bbox 1643 2603 1813 2645; x_wconf 94' lang='lat' dir='ltr'>nunc</span> <span class='ocrx_word' id='word_1_102' title='bbox 1841 2580 2185 2665; x_wconf 88' lang='lat' dir='ltr'>gloriosum</span> <span class='ocrx_word' id='word_1_103' title='bbox 2221 2594 2458 2666; x_wconf 89' lang='lat' dir='ltr'>marty-</span> 
     </span>
     <span class='ocr_line' id='line_1_17' title="bbox 551 2681 2457 2769; baseline 0 -23"><span class='ocrx_word' id='word_1_104' title='bbox 551 2705 681 2747; x_wconf 89' lang='lat' dir='ltr'>rem</span> <span class='ocrx_word' id='word_1_105' title='bbox 714 2683 1049 2764; x_wconf 88' lang='lat' dir='ltr'>habuistis‚</span> <span class='ocrx_word' id='word_1_106' title='bbox 1080 2684 1182 2746; x_wconf 92' lang='lat' dir='ltr'>cui</span> <span class='ocrx_word' id='word_1_107' title='bbox 1216 2706 1315 2745; x_wconf 91' lang='lat' dir='ltr'>me</span> <span class='ocrx_word' id='word_1_108' title='bbox 1344 2705 1462 2769; x_wconf 89' lang='lat' dir='ltr'>pro</span> <span class='ocrx_word' id='word_1_109' title='bbox 1494 2681 1788 2746; x_wconf 91' lang='lat' dir='ltr'>libertate</span> <span class='ocrx_word' id='word_1_110' title='bbox 1818 2682 2093 2747; x_wconf 84' lang='lat' dir='ltr'>ecclesiae</span> <span class='ocrx_word' id='word_1_111' title='bbox 2122 2687 2457 2746; x_wconf 88' lang='lat' dir='ltr'>coexulare</span> 
     </span>
     <span class='ocr_line' id='line_1_18' title="bbox 552 2785 2458 2852; baseline 0 -4"><span class='ocrx_word' id='word_1_112' title='bbox 552 2785 772 2848; x_wconf 90' lang='lat' dir='ltr'>divina</span> <span class='ocrx_word' id='word_1_113' title='bbox 828 2786 977 2850; x_wconf 86' lang='lat' dir='ltr'>fecit</span> <span class='ocrx_word' id='word_1_114' title='bbox 1040 2785 1488 2852; x_wconf 89' lang='lat' dir='ltr'>misericordia.</span> <span class='ocrx_word' id='word_1_115' title='bbox 1620 2790 1764 2850; x_wconf 93' lang='lat' dir='ltr'>Hac</span> <span class='ocrx_word' id='word_1_116' title='bbox 1825 2785 2061 2849; x_wconf 89' lang='lat' dir='ltr'>fiducia</span> <span class='ocrx_word' id='word_1_117' title='bbox 2120 2785 2458 2850; x_wconf 90' lang='lat' dir='ltr'>roboratus</span> 
     </span>
     <span class='ocr_line' id='line_1_19' title="bbox 549 2887 2452 2951; baseline -0.002 0"><span class='ocrx_word' id='word_1_118' title='bbox 549 2887 758 2951; x_wconf 86' lang='lat' dir='ltr'>audeo</span> <span class='ocrx_word' id='word_1_119' title='bbox 799 2888 1119 2951; x_wconf 85' lang='lat' dir='ltr'>sanctitati</span> <span class='ocrx_word' id='word_1_120' title='bbox 1163 2901 1391 2950; x_wconf 89' lang='lat' dir='ltr'>vestrae</span> <span class='ocrx_word' id='word_1_121' title='bbox 1421 2887 1730 2951; x_wconf 89' lang='lat' dir='ltr'>attentius</span> <span class='ocrx_word' id='word_1_122' title='bbox 1770 2887 2205 2950; x_wconf 88' lang='lat' dir='ltr'>commendare</span> <span class='ocrx_word' id='word_1_123' title='bbox 2247 2887 2452 2949; x_wconf 88' lang='lat' dir='ltr'>virum</span> 
     </span>
     <span class='ocr_line' id='line_1_20' title="bbox 546 2986 2452 3074; baseline -0.002 -23"><span class='ocrx_word' id='word_1_124' title='bbox 546 2987 975 3074; x_wconf 89' lang='lat' dir='ltr'>proculdubio</span> <span class='ocrx_word' id='word_1_125' title='bbox 1021 2986 1581 3050; x_wconf 89' lang='lat' dir='ltr'>commendabilem</span> <span class='ocrx_word' id='word_1_126' title='bbox 1631 2986 1774 3051; x_wconf 84' lang='lat' dir='ltr'>Ric.</span> <span class='ocrx_word' id='word_1_127' title='bbox 1820 2988 2105 3050; x_wconf 91' lang='lat' dir='ltr'>Winton.</span> <span class='ocrx_word' id='word_1_128' title='bbox 2156 2986 2452 3058; x_wconf 84' lang='lat' dir='ltr'>electum,</span> 
     </span>
     <span class='ocr_line' id='line_1_21' title="bbox 549 3087 2457 3175; baseline -0.002 -22"><span class='ocrx_word' id='word_1_129' title='bbox 549 3091 740 3175; x_wconf 90' lang='lat' dir='ltr'>cujus</span> <span class='ocrx_word' id='word_1_130' title='bbox 780 3087 1118 3151; x_wconf 86' lang='lat' dir='ltr'>facultates</span> <span class='ocrx_word' id='word_1_131' title='bbox 1164 3100 1310 3151; x_wconf 90' lang='lat' dir='ltr'>sunt</span> <span class='ocrx_word' id='word_1_132' title='bbox 1353 3110 1691 3172; x_wconf 86' lang='lat' dir='ltr'>egenorum</span> <span class='ocrx_word' id='word_1_133' title='bbox 1716 3087 2018 3168; x_wconf 92' lang='lat' dir='ltr'>subsidia,</span> <span class='ocrx_word' id='word_1_134' title='bbox 2048 3087 2457 3152; x_wconf 88' lang='lat' dir='ltr'>ecclesiarum</span> 
     </span>
     <span class='ocr_line' id='line_1_22' title="bbox 549 3187 2463 3275; baseline -0.001 -22"><span class='ocrx_word' id='word_1_135' title='bbox 549 3189 914 3253; x_wconf 87' lang='lat' dir='ltr'>consolatio.</span> <span class='ocrx_word' id='word_1_136' title='bbox 1008 3191 1217 3273; x_wconf 88' lang='lat' dir='ltr'>Cujus</span> <span class='ocrx_word' id='word_1_137' title='bbox 1268 3201 1549 3274; x_wconf 89' lang='lat' dir='ltr'>potestas</span> <span class='ocrx_word' id='word_1_138' title='bbox 1605 3189 1963 3275; x_wconf 86' lang='lat' dir='ltr'>iniquitatis</span> <span class='ocrx_word' id='word_1_139' title='bbox 2021 3187 2463 3252; x_wconf 87' lang='lat' dir='ltr'>exterminatio</span> 
     </span>
     <span class='ocr_line' id='line_1_23' title="bbox 549 3289 2467 3374; baseline -0.001 -19"><span class='ocrx_word' id='word_1_140' title='bbox 549 3303 668 3371; x_wconf 86' lang='lat' dir='ltr'>est,</span> <span class='ocrx_word' id='word_1_141' title='bbox 698 3302 761 3353; x_wconf 92' lang='lat' dir='ltr'>et</span> <span class='ocrx_word' id='word_1_142' title='bbox 784 3289 1055 3374; x_wconf 80' lang='lat' dir='ltr'>justitiae</span> <span class='ocrx_word' id='word_1_143' title='bbox 1087 3290 1575 3355; x_wconf 89' lang='lat' dir='ltr'>firmamentum.</span> <span class='ocrx_word' id='word_1_144' title='bbox 1668 3293 1736 3356; x_wconf 79' lang='lat' dir='ltr'>Is</span> <span class='ocrx_word' id='word_1_145' title='bbox 1760 3304 1936 3355; x_wconf 89' lang='lat' dir='ltr'>tanta</span> <span class='ocrx_word' id='word_1_146' title='bbox 1958 3291 2284 3355; x_wconf 89' lang='lat' dir='ltr'>affectione</span> <span class='ocrx_word' id='word_1_147' title='bbox 2308 3291 2467 3354; x_wconf 91' lang='lat' dir='ltr'>ami-</span> 
     </span>
     <span class='ocr_line' id='line_1_24' title="bbox 553 3392 2458 3478; baseline 0.001 -23"><span class='ocrx_word' id='word_1_148' title='bbox 553 3415 699 3455; x_wconf 90' lang='lat' dir='ltr'>cum</span> <span class='ocrx_word' id='word_1_149' title='bbox 732 3404 1010 3456; x_wconf 89' lang='lat' dir='ltr'>vestrum</span> <span class='ocrx_word' id='word_1_150' title='bbox 1042 3392 1388 3476; x_wconf 90' lang='lat' dir='ltr'>gloriosum</span> <span class='ocrx_word' id='word_1_151' title='bbox 1433 3404 1782 3478; x_wconf 88' lang='lat' dir='ltr'>martyrem</span> <span class='ocrx_word' id='word_1_152' title='bbox 1825 3393 2070 3459; x_wconf 88' lang='lat' dir='ltr'>Christi</span> <span class='ocrx_word' id='word_1_153' title='bbox 2109 3392 2344 3477; x_wconf 89' lang='lat' dir='ltr'>diligit,</span> <span class='ocrx_word' id='word_1_154' title='bbox 2384 3405 2458 3457; x_wconf 88' lang='lat' dir='ltr'>ut</span> 
     </span>
     <span class='ocr_line' id='line_1_25' title="bbox 555 3491 2461 3577; baseline 0.002 -23"><span class='ocrx_word' id='word_1_155' title='bbox 555 3514 620 3554; x_wconf 89' lang='lat' dir='ltr'>se</span> <span class='ocrx_word' id='word_1_156' title='bbox 650 3491 819 3555; x_wconf 90' lang='lat' dir='ltr'>illius</span> <span class='ocrx_word' id='word_1_157' title='bbox 849 3491 1245 3555; x_wconf 89' lang='lat' dir='ltr'>constituerit</span> <span class='ocrx_word' id='word_1_158' title='bbox 1278 3515 1556 3569; x_wconf 86' lang='lat' dir='ltr'>servum,</span> <span class='ocrx_word' id='word_1_159' title='bbox 1589 3505 1663 3556; x_wconf 94' lang='lat' dir='ltr'>ut</span> <span class='ocrx_word' id='word_1_160' title='bbox 1695 3492 1984 3556; x_wconf 89' lang='lat' dir='ltr'>alumnos</span> <span class='ocrx_word' id='word_1_161' title='bbox 2014 3493 2129 3577; x_wconf 91' lang='lat' dir='ltr'>qui</span> <span class='ocrx_word' id='word_1_162' title='bbox 2160 3492 2346 3557; x_wconf 90' lang='lat' dir='ltr'>multi</span> <span class='ocrx_word' id='word_1_163' title='bbox 2375 3494 2461 3557; x_wconf 91' lang='lat' dir='ltr'>ad</span> 
     </span>
     <span class='ocr_line' id='line_1_26' title="bbox 555 3590 2458 3673; baseline 0.001 -17"><span class='ocrx_word' id='word_1_164' title='bbox 555 3615 703 3656; x_wconf 90' lang='lat' dir='ltr'>eum</span> <span class='ocrx_word' id='word_1_165' title='bbox 723 3590 1053 3656; x_wconf 87' lang='lat' dir='ltr'>confluunt</span> <span class='ocrx_word' id='word_1_166' title='bbox 1079 3592 1142 3655; x_wconf 93' lang='lat' dir='ltr'>in</span> <span class='ocrx_word' id='word_1_167' title='bbox 1168 3596 1300 3657; x_wconf 88' lang='lat' dir='ltr'>suis</span> <span class='ocrx_word' id='word_1_168' title='bbox 1322 3594 1807 3658; x_wconf 85' lang='lat' dir='ltr'>necessitatibus</span> <span class='ocrx_word' id='word_1_169' title='bbox 1827 3593 2210 3673; x_wconf 89' lang='lat' dir='ltr'>consoletur,</span> <span class='ocrx_word' id='word_1_170' title='bbox 2228 3609 2291 3659; x_wconf 93' lang='lat' dir='ltr'>et</span> <span class='ocrx_word' id='word_1_171' title='bbox 2311 3617 2458 3658; x_wconf 88' lang='lat' dir='ltr'>eum</span> 
     </span>
     <span class='ocr_line' id='line_1_27' title="bbox 556 3693 2459 3780; baseline 0.002 -23"><span class='ocrx_word' id='word_1_172' title='bbox 556 3716 673 3780; x_wconf 87' lang='lat' dir='ltr'>pro</span> <span class='ocrx_word' id='word_1_173' title='bbox 704 3693 947 3757; x_wconf 90' lang='lat' dir='ltr'>viribus</span> <span class='ocrx_word' id='word_1_174' title='bbox 979 3693 1231 3758; x_wconf 90' lang='lat' dir='ltr'>studeat</span> <span class='ocrx_word' id='word_1_175' title='bbox 1254 3693 1507 3758; x_wconf 80' lang='lat' dir='ltr'>imitari.</span> <span class='ocrx_word' id='word_1_176' title='bbox 1604 3694 1972 3759; x_wconf 88' lang='lat' dir='ltr'>Sanctitatis</span> <span class='ocrx_word' id='word_1_177' title='bbox 1993 3694 2212 3780; x_wconf 90' lang='lat' dir='ltr'>itaque</span> <span class='ocrx_word' id='word_1_178' title='bbox 2235 3708 2459 3760; x_wconf 84' lang='lat' dir='ltr'>vestrae</span> 
     </span>
     <span class='ocr_line' id='line_1_28' title="bbox 552 3795 2462 3882; baseline 0.002 -24"><span class='ocrx_word' id='word_1_179' title='bbox 552 3795 827 3880; x_wconf 88' lang='lat' dir='ltr'>pedibus</span> <span class='ocrx_word' id='word_1_180' title='bbox 868 3799 1242 3880; x_wconf 89' lang='lat' dir='ltr'>provolutus</span> <span class='ocrx_word' id='word_1_181' title='bbox 1288 3819 1428 3859; x_wconf 88' lang='lat' dir='ltr'>meo</span> <span class='ocrx_word' id='word_1_182' title='bbox 1472 3809 1535 3859; x_wconf 92' lang='lat' dir='ltr'>et</span> <span class='ocrx_word' id='word_1_183' title='bbox 1580 3819 1802 3860; x_wconf 87' lang='lat' dir='ltr'>eorum</span> <span class='ocrx_word' id='word_1_184' title='bbox 1849 3797 1963 3882; x_wconf 91' lang='lat' dir='ltr'>qui</span> <span class='ocrx_word' id='word_1_185' title='bbox 2007 3796 2190 3860; x_wconf 90' lang='lat' dir='ltr'>nobis</span> <span class='ocrx_word' id='word_1_186' title='bbox 2232 3820 2462 3863; x_wconf 88' lang='lat' dir='ltr'>coexu-</span> 
     </span>
     <span class='ocr_line' id='line_1_29' title="bbox 554 3896 2465 3984; baseline 0.002 -26"><span class='ocrx_word' id='word_1_187' title='bbox 554 3897 848 3960; x_wconf 89' lang='lat' dir='ltr'>laverunt</span> <span class='ocrx_word' id='word_1_188' title='bbox 898 3899 1150 3959; x_wconf 89' lang='lat' dir='ltr'>nomine</span> <span class='ocrx_word' id='word_1_189' title='bbox 1195 3918 1419 3981; x_wconf 89' lang='lat' dir='ltr'>precor</span> <span class='ocrx_word' id='word_1_190' title='bbox 1470 3896 1802 3974; x_wconf 84' lang='lat' dir='ltr'>attentiuS,</span> <span class='ocrx_word' id='word_1_191' title='bbox 1855 3896 2161 3984; x_wconf 87' lang='lat' dir='ltr'>quatinus</span> <span class='ocrx_word' id='word_1_192' title='bbox 2208 3899 2465 3983; x_wconf 79' lang='lat' dir='ltr'>negotia</span> 
     </span>
     <span class='ocr_line' id='line_1_30' title="bbox 558 4000 2464 4086; baseline 0.002 -24"><span class='ocrx_word' id='word_1_193' title='bbox 558 4000 695 4086; x_wconf 87' lang='lat' dir='ltr'>ejus</span> <span class='ocrx_word' id='word_1_194' title='bbox 728 4000 813 4063; x_wconf 89' lang='lat' dir='ltr'>sic</span> <span class='ocrx_word' id='word_1_195' title='bbox 852 4000 1060 4082; x_wconf 85' lang='lat' dir='ltr'>gratia</span> <span class='ocrx_word' id='word_1_196' title='bbox 1102 4014 1314 4064; x_wconf 88' lang='lat' dir='ltr'>vestra</span> <span class='ocrx_word' id='word_1_197' title='bbox 1352 4014 1746 4085; x_wconf 83' lang='lat' dir='ltr'>promoveat,</span> <span class='ocrx_word' id='word_1_198' title='bbox 1781 4024 1854 4064; x_wconf 89' lang='lat' dir='ltr'>ac</span> <span class='ocrx_word' id='word_1_199' title='bbox 1887 4001 1935 4061; x_wconf 79' lang='lat' dir='ltr'>si</span> <span class='ocrx_word' id='word_1_200' title='bbox 1979 4025 2119 4065; x_wconf 75' lang='lat' dir='ltr'>eum</span> <span class='ocrx_word' id='word_1_201' title='bbox 2163 4001 2464 4069; x_wconf 66' lang='lat' dir='ltr'>videretis</span> 
     </span>
     <span class='ocr_line' id='line_1_31' title="bbox 558 4099 2418 4183; baseline -0.001 -21"><span class='ocrx_word' id='word_1_202' title='bbox 558 4099 755 4162; x_wconf 87' lang='lat' dir='ltr'>sancti</span> <span class='ocrx_word' id='word_1_203' title='bbox 818 4100 1090 4162; x_wconf 86' lang='lat' dir='ltr'>Thomae</span> <span class='ocrx_word' id='word_1_204' title='bbox 1150 4100 1419 4183; x_wconf 86' lang='lat' dir='ltr'>negotiis</span> <span class='ocrx_word' id='word_1_205' title='bbox 1478 4099 1903 4165; x_wconf 75' lang='lat' dir='ltr'>insudantem.</span> <span class='ocrx_word' id='word_1_206' title='bbox 1991 4105 2159 4165; x_wconf 77' lang='lat' dir='ltr'>Nam</span> <span class='ocrx_word' id='word_1_207' title='bbox 2219 4113 2284 4169; x_wconf 76' lang='lat' dir='ltr'>et.</span> <span class='ocrx_word' id='word_1_208' title='bbox 2320 4100 2347 4137; x_wconf 54' lang='lat'>³*</span> <span class='ocrx_word' id='word_1_209' title='bbox 2400 4110 2418 4113; x_wconf 80' lang='grc'>”</span> 
     </span>
     <span class='ocr_line' id='line_1_32' title="bbox 558 4200 2308 4290; baseline 0.001 -26"><span class='ocrx_word' id='word_1_210' title='bbox 558 4223 674 4264; x_wconf 91' lang='lat' dir='ltr'>sua</span> <span class='ocrx_word' id='word_1_211' title='bbox 721 4200 953 4280; x_wconf 91' lang='lat' dir='ltr'>omnia,</span> <span class='ocrx_word' id='word_1_212' title='bbox 998 4201 1190 4263; x_wconf 87' lang='lat' dir='ltr'>immo</span> <span class='ocrx_word' id='word_1_213' title='bbox 1221 4215 1284 4265; x_wconf 91' lang='lat' dir='ltr'>et</span> <span class='ocrx_word' id='word_1_214' title='bbox 1326 4224 1389 4264; x_wconf 90' lang='lat' dir='ltr'>se</span> <span class='ocrx_word' id='word_1_215' title='bbox 1419 4201 1650 4286; x_wconf 88' lang='lat' dir='ltr'>ipsum,</span> <span class='ocrx_word' id='word_1_216' title='bbox 1690 4201 2135 4286; x_wconf 71' lang='lat' dir='ltr'>gloriosissimo</span> <span class='ocrx_word' id='word_1_217' title='bbox 2171 4217 2308 4290; x_wconf 23' lang='lat' dir='ltr'>1:11‘-v</span> 
     </span>
     <span class='ocr_line' id='line_1_33' title="bbox 557 4287 2340 4387; baseline 0.001 -24"><span class='ocrx_word' id='word_1_218' title='bbox 557 4323 745 4386; x_wconf 91' lang='lat' dir='ltr'>quem</span> <span class='ocrx_word' id='word_1_219' title='bbox 808 4314 1145 4386; x_wconf 89' lang='lat' dir='ltr'>patronum</span> <span class='ocrx_word' id='word_1_220' title='bbox 1193 4301 1541 4387; x_wconf 84' lang='lat' dir='ltr'>praeelegit,</span> <span class='ocrx_word' id='word_1_221' title='bbox 1588 4315 1800 4366; x_wconf 88' lang='lat' dir='ltr'>mente</span> <span class='ocrx_word' id='word_1_222' title='bbox 1855 4301 2263 4365; x_wconf 64' lang='lat' dir='ltr'>devotissime</span> <span class='ocrx_word' id='word_1_223' title='bbox 2319 4287 2340 4367; x_wconf 59' lang='lat' dir='ltr'>“f</span> 
     </span>
     <span class='ocr_line' id='line_1_34' title="bbox 556 4417 844 4468; baseline 0.007 -2"><span class='ocrx_word' id='word_1_224' title='bbox 556 4417 844 4468; x_wconf 84' lang='lat' dir='ltr'>secrav1t.</span> 
     </span>
    </p>
   </div>
   <div class='ocr_carea' id='block_1_5' title="bbox 2291 4100 2940 4938">
    <p class='ocr_par' dir='ltr' id='par_1_6' title="bbox 2291 4100 2940 4938">
     <span class='ocr_line' id='line_1_35' title="bbox 2291 4100 2940 4938; baseline 0 0"><span class='ocrx_word' id='word_1_225' title='bbox 2291 4100 2940 4938; x_wconf 95' lang='lat' dir='ltr'>    </span> 
     </span>
    </p>
   </div>
  </div>
 </body>
</html>
