3384 5525
485 752 549 812 258
744 763 881 809 rasurus
899 759 1178 807 ssunsnsinsusm
1345 741 1391 821 [x.
1409 762 1440 805 n.

489 938 548 1003 pro
559 916 693 981 veritate
705 912 791 994 fidei,
801 915 905 978 zelum
914 912 1060 1000 justitiae,
1070 910 1274 976 confessionis
1283 912 1445 994 virtutem,

488 1032 520 1081 et
536 1017 663 1082 invictae
674 1017 862 1082 constantim
877 1014 1157 1102 perseverantiam,
1165 1013 1310 1078 facturus
1324 1026 1392 1079 erat
1406 1014 1445 1079 de

488 1119 631 1183 veritatis
646 1143 683 1184 ac
698 1118 773 1182 fidei
788 1117 978 1184 adversariis
995 1116 1239 1202 triumphantes.
1278 1117 1360 1193 Quae
1374 1138 1444 1203 pro·

489 1219 574 1284 fecto
597 1220 685 1283 nulla
708 1219 831 1284 ratione
853 1218 991 1283 scribere
1013 1219 1296 1302 praesumpsissem,
1313 1214 1375 1279 nisi
1397 1238 1444 1279 me

488 1345 584 1407 super
600 1321 649 1386 his
664 1322 744 1386 fides
759 1322 887 1387 oculata
901 1320 1112 1386 certissimum
1128 1317 1329 1384 reddidisset.

532 1426 684 1509 Superest
707 1423 818 1510 itaque
841 1436 879 1489 ut
901 1435 1041 1489 nostram
1064 1422 1256 1508 parvitatem
1273 1433 1378 1486 vestra
1397 1422 1443 1486 in·

487 1537 592 1590 struat
602 1525 751 1603 eruditio,
764 1548 803 1589 an
813 1526 894 1589 citra
905 1525 1043 1590 Romani
1053 1524 1212 1610 pontificis
1223 1527 1442 1588 auctoritatem

488 1640 596 1693 tutum
613 1629 654 1692 sit
675 1628 707 1691 in
731 1632 896 1694 missarum
916 1627 1064 1691 solenniis
1085 1640 1117 1691 et
1137 1625 1208 1690 aliis
1227 1625 1365 1712 publicis
1379 1648 1443 1690 ora-

488 1729 631 1794 tionibus
651 1752 724 1792 eum
744 1729 776 1792 in
797 1728 942 1814 catalogo
962 1742 1141 1810 martyrum
1160 1741 1314 1811 tanquam
1336 1725 1443 1790 salutis

487 1830 654 1916 praesidem
678 1830 836 1908 invocare,
860 1854 899 1893 an
923 1830 1029 1916 adhuc
1051 1829 1090 1904 ei,
1113 1851 1210 1914 quem
1235 1832 1325 1892 Deus
1347 1829 1442 1893 tentis

487 1932 714 1996 miraculorum
737 1932 921 1997 clarificavit
945 1930 1080 2006 indiciis,
1104 1930 1194 2015 quasi
1217 1929 1269 1993 alii
1293 1929 1443 1994 defuncto

487 2034 645 2099 orationes
661 2035 881 2100 subventorias
897 2047 1062 2097 teneamur
1076 2031 1248 2097 exsolvere.
1295 2031 1442 2096 Timetur

486 2134 569 2197 euim
595 2157 635 2198 ne
662 2135 706 2198 sic
731 2134 843 2200 orandi
870 2135 1020 2200 instantia
1045 2134 1132 2198 beati
1154 2136 1305 2219 martyris
1329 2132 1442 2218 injuria

488 2234 648 2313 videatur,
669 2248 701 2300 et
725 2235 957 2301 incredulitatis
979 2234 1158 2321 praetendat
1179 2234 1350 2320 imaginem
1373 2248 1442 2320 post

488 2348 535 2400 tot
563 2336 725 2422 signorum
748 2338 978 2403 exhibitionem
1006 2336 1146 2401 nondum
1171 2357 1281 2400 secura
1304 2334 1441 2399 devotio.

486 2438 510 2500 J
512 2460 562 2503 am
579 2461 674 2525 super
689 2440 749 2515 hoc
764 2440 929 2505 consultus
940 2451 1021 2505 esset
1035 2441 1201 2503 Romanus
1216 2437 1371 2523 pontifex,
1384 2435 1440 2501 nisi

486 2539 563 2624 quia
579 2540 715 2605 facultas
735 2542 920 2606 transeundi
944 2542 1024 2605 adeo
1043 2541 1192 2604 omnibus
1213 2539 1370 2626 praeclusa
1384 2551 1441 2616 est,

487 2652 523 2705 ut
546 2641 655 2704 nullus
677 2642 717 2705 ad
742 2644 906 2727 navigium
929 2641 1120 2706 admittatur
1145 2641 1204 2705 nisi
1227 2639 1335 2704 literas
1361 2639 1442 2725 regis

485 2755 558 2807 ante
574 2742 762 2828 porrexerit.
808 2743 912 2809 Nobis
925 2758 1028 2810 tamen
1045 2743 1169 2807 interim
1186 2741 1363 2808 consultius
1377 2765 1441 2806 esse

485 2843 613 2910 videtur
629 2857 665 2910 ut
681 2846 864 2911 assistamus
880 2847 1010 2912 Domini
1027 2845 1198 2923 voluntati,
1213 2857 1245 2908 et
1263 2866 1358 2928 quem
1375 2844 1442 2928 ipse

485 2946 640 3010 honorare
661 2946 814 3032 dignatur
837 2962 874 3013 ut
898 2963 1082 3032 martyrem,
1099 2969 1167 3021 nos,
1183 2946 1249 3009 sive
1268 2959 1441 3025 cantemus,

484 3045 551 3109 sive
574 3046 747 3132 ploremus,
769 3061 806 3112 ut
833 3062 1004 3133 martyrem
1028 3068 1224 3139 veneremur.
1270 3049 1354 3110 Nam
1377 3046 1441 3110 fere

483 3148 516 3210 in
529 3149 677 3213 omuibus
690 3151 801 3215 mundi
814 3150 960 3237 partibus
971 3154 1073 3224 Deus,
1087 3172 1148 3213 non
1161 3161 1328 3234 expectata
1338 3149 1441 3233 cujus-

483 3270 611 3334 cunque
626 3252 762 3316 hominis
782 3254 986 3327 auctoritate,
1002 3252 1109 3338 potuit
1124 3264 1155 3316 et
1171 3250 1334 3316 consuevit
1349 3249 1438 3315 clari·

482 3348 577 3412 ficare
602 3374 684 3435 quos
710 3354 832 3418 voluit:
872 3354 959 3439 quod
991 3353 1126 3438 sapienti
1155 3375 1217 3417 non
1244 3365 1438 3438 potestesse

483 3451 683 3534 ambiguum,
704 3453 760 3538 qui
785 3455 886 3519 varias
911 3456 1082 3542 scripturas
1105 3453 1212 3519 solerti
1234 3454 1437 3540 indagatione

484 3549 669 3635 diligentius
684 3568 915 3638 perscrutatur.

547 3816 768 3880 EPISTOLA
793 3816 1011 3880 ΕΘΝ-ΔΙ)
1025 3836 1248 3881 saxonensem
1264 3838 1383 3884 sacm-

736 3935 934 3981 amarorum.
970 3919 1015 3999 [A.
1032 3938 1063 3982 n.
1083 3921 1191 4000 litt]

510 4049 650 4112 Domino
666 4049 849 4113 Senonensa'
865 4053 973 4114 miseri
986 4052 1046 4126 illi,
1064 4054 1121 4134 qui
1136 4054 1407 4138 quondamfrtere

827 4152 1090 4217 cantuarienses.

524 4266 671 4328 Aconum
685 4271 842 4338 nostrum,
858 4284 953 4347 quem
970 4285 1042 4326 cum
1060 4275 1201 4350 martyre
1215 4264 1355 4350 glorioso
1370 4288 1438 4352 per-

481 4363 624 4444 tulimus,
640 4361 787 4428 viderunt
801 4362 886 4427 oculi
902 4367 1010 4441 vestri,
1026 4388 1108 4450 quos
1124 4380 1188 4430 tam
1203 4365 1323 4447 innata,
1340 4391 1434 4454 quam
