3384 5525
375 782 465 862 uta]
737 797 914 842 amsronm.
1257 787 1315 846 lut

371 963 398 1015 ut
410 953 672 1034 archiepiscopus
687 950 822 1013 accedat
832 949 872 1014 ad
885 950 1072 1036 Turoueusc
1088 955 1312 1018 monasterinm

368 1043 546 1135 loquuturus
559 1052 591 1114 ei
606 1051 654 1113 ibi
670 1049 798 1133 quando
810 1049 956 1132 proxime
972 1071 1061 1131 reges
1077 1054 1311 1136 colloquentur.

366 1153 499 1216 Laborat
519 1164 626 1216 antem
649 1162 687 1215 ut
706 1151 774 1234 ipse
789 1172 847 1213 rex
865 1163 900 1214 et
920 1152 1181 1238 archiepiscopus
1198 1177 1313 1220 conve·

365 1254 448 1316 niant
463 1265 497 1316 et
511 1276 570 1337 per
585 1275 620 1315 se
635 1250 723 1336 ipsos
744 1250 785 1314 de
805 1273 886 1335 pace
902 1274 960 1316 sua
973 1252 1151 1318 adinvicem
1167 1268 1314 1320 tractent.

365 1354 495 1417 Utinam
511 1375 569 1417 ros
592 1364 648 1417 aut
670 1352 768 1435 aliqui
790 1353 963 1416 amicorum
985 1365 1163 1419 nostrorum
1184 1361 1315 1441 praesato

364 1456 475 1538 positis
500 1457 658 1518 interesse
688 1453 863 1537 colloquio,
888 1463 920 1516 et
945 1454 992 1517 ibi
1018 1456 1179 1520 certiorari
1201 1457 1242 1523 de
1265 1461 1317 1524 his

364 1576 432 1637 quae
448 1555 567 1618 luerint
581 1552 680 1635 digna
694 1554 788 1617 scitu.

401 1658 487 1720 Haec
504 1678 524 1717 a
540 1656 632 1719 robis
646 1655 687 1719 ad
703 1657 831 1719 tertium
852 1677 918 1720 non
940 1655 1132 1734 transibunt,
1147 1681 1208 1724 nec
1222 1661 1316 1725 inno·

364 1769 463 1821 tescat
477 1757 696 1821 cardinalibus
719 1757 892 1840 quicquam
908 1756 949 1819 de
964 1758 1027 1820 hoc
1051 1760 1181 1842 negotio
1196 1761 1316 1828 domini

366 1858 616 1937 Cantuariensis,
631 1857 719 1942 quod
740 1871 872 1942 propter
887 1860 1085 1943 colloquium
1101 1872 1251 1927 venturus
1267 1866 1319 1946 sit,

365 1963 411 2024 rel
427 1962 518 2045 quod
533 1960 690 2023 industria
705 1959 775 2044 ejus
786 1958 1039 2024 reconciliationi
1054 1983 1163 2045 regum
1180 1966 1221 2029 sit
1236 1966 1317 2031 adeo

366 2063 553 2126 necessaria.
597 2063 654 2125 Ex
673 2082 739 2145 quo
761 2062 873 2125 nuncii
893 2062 962 2146 ejus
979 2064 1066 2146 quod
1080 2065 1114 2127 in
1129 2067 1218 2129 brevi
1233 2069 1317 2133 lutu-

366 2185 430 2228 mm
447 2185 615 2249 speramus
630 2160 791 2242 redierint,
805 2164 899 2226 vobis
913 2186 998 2229 nova
1013 2187 1121 2230 eorum
1137 2169 1317 2251 significare

367 2287 428 2328 non
453 2265 686 2349 pigritabimur.
732 2267 817 2328 Nam
840 2266 873 2327 in
896 2265 999 2329 reditu
1021 2289 1130 2332 eorum
1155 2272 1318 2336 sanandus

367 2367 505 2432 creditur
520 2376 553 2428 et
567 2366 761 2448 promittitur
775 2366 925 2449 cyrillus.
970 2368 1023 2430 De
1043 2381 1158 2433 caetero
1167 2373 1319 2437 noveritis

367 2491 421 2532 nos
436 2467 579 2531 audiisse
595 2488 653 2551 pro
669 2480 755 2531 certo
773 2468 861 2551 quod
882 2468 1044 2531 Henricus
1059 2470 1126 2533 dux
1141 2471 1317 2551 Saxonum,

366 2572 396 2634 in
410 2570 541 2635 solenni
562 2570 672 2653 praelio
688 2570 790 2633 victus
805 2581 855 2633 est
869 2571 911 2633 ab
926 2570 1167 2657 archiepiscopo
1182 2575 1317 2656 Magdo-

366 2672 527 2756 bnrgensi‚
556 2672 709 2755 episcopo
736 2671 997 2749 Helvestadensi,
1023 2684 1055 2736 et
1076 2675 1208 2739 Alberto
1237 2699 1318 2740 mar·

368 2777 493 2849 chione,
524 2773 774 2858 cecideruntque
805 2796 848 2838 ex
877 2789 966 2857 parte
1003 2776 1096 2839 ducis
1125 2779 1319 2859 septingenti

367 2876 482 2940 milites
506 2885 540 2938 et
565 2876 651 2958 capti
675 2888 731 2938 aut
756 2875 857 2939 occisi
883 2886 957 2937 sunt
981 2893 1055 2937 xx11
1077 2876 1210 2940 comites
1231 2890 1263 2941 et
1284 2879 1319 2941 in

369 2990 457 3062 parta
480 2979 706 3063 episcoporum
729 2977 811 3042 adeo
832 2976 929 3058 pauci
952 2974 1136 3039 ceciderunt
1156 2988 1213 3041 aut
1234 2981 1321 3062 capti

370 3090 443 3144 sunt
457 3092 495 3143 ut
508 3080 616 3142 nullus
631 3078 671 3142 de
681 3079 807 3162 jactura
823 3088 981 3161 queratur.
1013 3074 1143 3139 Studuit
1152 3075 1323 3161 imperator

371 3182 447 3245 duci
477 3181 648 3244 reformare
677 3200 802 3262 pacem,
825 3179 883 3242 sed
912 3177 976 3260 ipsi
1003 3198 1069 3238 non
1100 3178 1322 3262 acquiescunt,

369 3281 509 3346 maxime
533 3292 568 3343 nt
590 3283 649 3344 sub
672 3283 805 3344 obtentu
830 3300 950 3362 guerrae
972 3300 1008 3342 se
1034 3278 1159 3362 possint
1180 3302 1199 3344 a
1221 3283 1323 3346 schis-

370 3383 559 3446 maticorum
575 3383 733 3446 consortio
749 3402 906 3464 separare.
943 3382 1120 3464 Imperator
1134 3382 1323 3450 Teutonicis

370 3493 400 3546 et
413 3483 603 3547 Alemannis
617 3494 697 3547 nutu
720 3482 783 3545 Dei
798 3504 840 3545 ex
855 3483 996 3546 maxima
1009 3493 1100 3565 parte
1116 3483 1210 3547 datus
1225 3497 1273 3549 est
1287 3487 1322 3549 in

372 3583 479 3647 odium
505 3595 538 3646 et
561 3595 792 3667 contemptum.
846 3583 1031 3660 Lombardi,
1056 3583 1090 3644 in
1113 3583 1323 3664 ignominiam

371 3685 583 3769 imperatoris,
608 3687 641 3747 in
670 3695 774 3749 castro
805 3685 858 3747 cui
883 3685 1080 3748 Roboretum
1105 3704 1222 3748 nomen
1247 3697 1325 3765 erat,

372 3784 524 3850 edificant
533 3786 691 3850 civitatem
702 3806 803 3869 prope
812 3783 959 3867 Papiam,
967 3803 1063 3865 quam
1073 3783 1324 3848 Alexandrinam

372 3887 535 3969 appellant
556 3887 590 3949 in
612 3884 766 3950 honorem
788 3905 883 3967 papa*
898 3882 1075 3946 Alexandri
1096 3893 1128 3947 et
1148 3885 1323 3967 perniciem

375 3988 589 4073 Papiensinm.
