3384 5525
481 762 521 818 4‘.)
760 771 897 815 JOANNIS
913 769 1189 814 sanasearuausrs
1337 750 1381 829 [Α.
1400 769 1432 814 n.

478 925 630 989 instantia
645 922 861 986 indesinenter
875 923 1054 986 concutitur
1066 933 1099 985 et
1110 922 1231 999 acriter,
1241 921 1308 984 sine
1323 930 1430 986 tamen

482 1028 607 1090 virtutis
622 1025 765 1102 elisione,
781 1024 950 1103 colliditur,
965 1024 1141 1087 amicorum
1163 1024 1297 1105 potestis
1313 1022 1433 1085 sollici-

480 1126 622 1191 tudinem
638 1147 757 1207 gerere,
773 1135 928 1189 eteorum
946 1146 1043 1188 onera
1058 1145 1115 1206 per
1129 1125 1274 1187 fraternae
1290 1123 1431 1187 caritatis

477 1228 708 1292 exhibitionem
731 1228 838 1291 facitis
861 1238 975 1291 vestra.
1021 1227 1075 1291 Sic
1102 1228 1242 1290 enimet
1267 1226 1432 1309 apostolus

479 1330 705 1394 scandalizatis
734 1331 885 1404 couritur,
908 1341 939 1393 et
964 1326 1116 1393 fratribus
1140 1330 1356 1393 coinfirmatur
1381 1329 1431 1390 in-

478 1430 587 1511 firmis,
602 1444 634 1497 et
655 1455 713 1517 per
734 1433 993 1515 compassionem
1015 1432 1053 1497 fit
1074 1434 1108 1495 in
1132 1433 1260 1497 Christo
1281 1431 1433 1494 omnibus

478 1536 595 1613 omnia,
610 1535 686 1598 dnm
708 1534 749 1597 ad
770 1534 903 1599 sormam
925 1536 1040 1599 ethicae
1062 1534 1210 1617 purioris,
1226 1545 1258 1597 et
1280 1553 1432 1597 consum·

477 1635 618 1701 matioris
640 1639 868 1721 Philosophiae,
890 1638 1065 1702 humanum
1091 1660 1111 1701 a
1135 1660 1169 1700 se
1196 1638 1276 1699 nihil
1304 1645 1431 1718 reputat

476 1741 625 1805 alienum.
670 1738 826 1823 Reposito
848 1752 898 1803 est
927 1741 1018 1803 vobis
1044 1740 1154 1822 (pater)
1183 1740 1280 1821 hujus
1310 1758 1433 1800 corona

476 1841 711 1915 misericordiae,
723 1862 818 1923 quam
836 1839 947 1903 reddet
959 1841 1050 1902 vohis
1065 1841 1098 1901 in
1114 1841 1169 1902 illa
1183 1839 1235 1901 die
1251 1840 1432 1901 misericors

476 1958 509 2008 et
538 1946 703 2006 miserator
733 1943 905 2019 Dominus,
929 1943 984 2025 qui
1008 1962 1069 2003 nos
1095 1942 1221 2003 interim
1253 1942 1375 2017 exules,
1400 1952 1435 2003 et

476 2044 672 2127 proscriptos
695 2060 780 2116 suoS,
804 2050 987 2104 sanctorum
1010 2061 1137 2103 suorum
1164 2039 1349 2116 ministerio,
1372 2061 1430 2102 ne-

477 2145 679 2208 cessitatibus
694 2142 810 2205 nostris
825 2164 884 2226 pro
900 2143 971 2225 ipso
993 2144 1297 2206 communicantium
1314 2164 1430 2207 conso-

474 2249 559 2309 latur
583 2246 616 2307 in
646 2245 734 2307 omni
763 2243 967 2307 tribulatione
998 2256 1115 2307 nostra.
1162 2246 1246 2306 Nam
1273 2244 1429 2308 Christia-

476 2347 625 2410 nissimus
647 2369 705 2410 rex
727 2347 921 2409 Francorum
948 2357 1070 2430 patrem
1093 2358 1235 2409 nostrum
1260 2345 1428 2409 Cantuari·

478 2469 586 2512 ensem
610 2449 889 2533 archiepiscopum
917 2448 952 2511 in
979 2449 1063 2512 ulnis
1093 2448 1232 2511 caritatis
1261 2448 1430 2531 excipiens

478 2575 550 2618 eum
577 2554 610 2616 in
636 2553 774 2617 ecclesia
796 2554 900 2616 beatae
927 2551 1094 2617 Columbae
1125 2552 1320 2615 Senoncnsis
1342 2554 1431 2634 regia

477 2653 743 2738 magnificentiam
766 2656 909 2733 exhibet,
925 2666 956 2717 et
978 2656 1025 2717 sic
1048 2664 1160 2720 tractat
1174 2656 1208 2717 in
1225 2655 1373 2718 omnibus
1393 2666 1429 2718 ut

477 2780 496 2823 a
522 2758 649 2823 Christo
672 2757 799 2822 tractari
826 2755 921 2823 decet
950 2757 1112 2822 Christum
1139 2757 1282 2821 Domini.
1328 2756 1430 2820 Aliter

476 2861 562 2924 enim
582 2860 761 2942 exprimere
779 2881 906 2943 nequeo
927 2861 1144 2938 affectionem,
1159 2881 1254 2943 quam
1274 2859 1430 2940 naufrago

475 2962 632 3027 sacerdoti
661 2961 795 3025 exhibet
820 2962 1114 3026 Christianissimus
1143 2963 1303 3045 princeps.
1358 2961 1429 3022 Nos

476 3077 581 3128 autem
597 3063 766 3127 domestici
781 3065 967 3141 sacerdotis,
981 3064 1152 3147 proscripti
1172 3063 1302 3147 quidem
1321 3062 1428 3137 rebus,

476 3165 534 3228 sed
545 3164 673 3248 ascripti
686 3164 845 3241 fidelibus,
857 3167 911 3248 qui
925 3187 983 3248 pro
993 3166 1118 3249 justitia
1132 3167 1289 3248 patientes
1300 3164 1430 3227 bonori-

476 3266 650 3328 ficaverunt
665 3265 870 3326 ministerium
882 3287 986 3342 suum,
998 3267 1132 3350 dispersi
1144 3289 1252 3331 sumus
1266 3278 1301 3329 ut
1316 3267 1429 3329 exules

476 3369 510 3431 in
534 3387 633 3446 regno
658 3366 863 3429 Francorum.
908 3368 972 3431 Sed
995 3370 1115 3451 ubique
1139 3372 1233 3433 nobis
1256 3369 1348 3433 adest
1373 3367 1429 3451 qui

475 3467 582 3552 pascit
590 3465 732 3529 volatilia
746 3467 830 3545 coeli,
842 3478 874 3531 et
885 3468 951 3533 lilia
961 3471 1054 3534 vestit
1069 3492 1223 3552 agrorum.
1255 3472 1428 3554 Speremus

476 3580 582 3633 autern
604 3565 691 3650 quod
713 3566 798 3630 idern
818 3579 910 3651 pater
928 3582 1036 3635 noster
1054 3585 1087 3636 et
1107 3575 1247 3636 omnium
1267 3572 1429 3634 Dominus

475 3671 649 3754 procellam
671 3682 810 3732 nostram
826 3671 860 3733 in
881 3694 988 3736 auram
1011 3683 1172 3737 convertet
1186 3676 1219 3736 in
1235 3674 1334 3750 brevi,
1349 3674 1427 3735 licet

476 3773 579 3857 majus
601 3771 697 3834 nobis
720 3772 885 3838 imminere
911 3777 1108 3856 naufragium
1133 3777 1245 3840 hostes
1268 3775 1426 3839 Ecclesiae

477 3875 659 3956 glorientur.
704 3875 906 3940 Mentiuntur
929 3879 1013 3941 enim
1037 3881 1215 3942 Romanam
1243 3878 1427 3940 Ecclesiam

477 3975 571 4037 nobis
586 3995 769 4037 conversam
786 3999 856 4040 esse
878 3978 912 4042 in
933 4001 1039 4043 arcum
1056 4003 1199 4063 pravum,
1214 3990 1246 4043 et
1260 3978 1427 4041 dominum

476 4099 593 4162 papam
606 4078 754 4140 omnibus
765 4081 850 4160 regis
862 4082 1035 4163 Anglorum
1049 4085 1256 4167 petitionibus
1266 4082 1428 4159 annuisse,

477 4201 583 4244 exeo
610 4190 771 4243 sumentes
796 4182 1022 4267 conjecturam,
1046 4187 1134 4271 quod
1157 4183 1429 4250 excommunicati

476 4282 575 4346 nostri
597 4281 737 4345 absoluti
759 4285 888 4346 suntin
910 4286 1050 4352 adventu
1075 4289 1211 4353 Joannis
1234 4287 1274 4351 de
1298 4288 1427 4350 Oxene-

476 4381 578 4446 fordia
587 4403 596 4458 3
619 4381 675 4464 qui
691 4383 797 4463 etiarn,
812 4385 903 4469 quasi
919 4408 951 4450 re
972 4390 1052 4452 bene
1069 4401 1158 4471 gesta
1173 4389 1206 4451 in
1223 4388 1310 4450 curia
1325 4386 1427 4469 impe·
