3384 5525
248 752 368 843 116ss
634 780 810 826 snrsronn.
1140 770 1196 828 lll

243 936 343 998 minus
357 932 464 998 seduli
482 932 609 995 fuerunt
625 932 659 994 in
674 934 848 996 obtinenda
869 935 1070 999 revocatione
1085 944 1198 1014 vestra,

241 1038 436 1120 negligentia
465 1057 575 1099 eorum
606 1037 784 1100 mandatori
813 1060 880 1101 non
909 1039 1005 1103 debet
1034 1039 1196 1123 imputari.

241 1139 373 1202 Constat
393 1138 514 1202 etenim
531 1136 571 1199 de
593 1136 754 1215 mandate,
768 1149 799 1201 et
814 1138 855 1201 de
876 1139 1067 1202 nunciorum
1088 1161 1196 1222 spera·

240 1242 330 1304 batur
345 1238 514 1302 industria.
549 1237 620 1301 Nec
636 1236 758 1312 dubim,
769 1239 848 1323 quin
860 1261 956 1325 super
970 1240 1032 1304 hoc
1046 1240 1197 1303 dominus

201 1390 204 1396 .
240 1362 323 1425 papa
335 1350 510 1404 contentus
522 1340 573 1417 sit,
583 1359 681 1421 quum
693 1352 814 1403 certum
824 1342 866 1403 sit
876 1339 982 1424 ipsum
993 1342 1196 1427 respondisse

242 1463 274 1506 se
294 1440 462 1504 neminem
481 1459 634 1522 unquam,
648 1460 709 1503 nec
732 1442 908 1503 maximum
932 1442 1153 1524 patriarcham,
1169 1442 1197 1505 si

240 1543 361 1627 aliquid
375 1543 440 1605 tale
455 1540 638 1618 accidisset,
652 1554 882 1605 revocaturum.
928 1542 994 1607 Sed
1015 1542 1126 1606 redeat
1140 1544 1197 1626 qni

240 1645 382 1723 voluerit,
397 1653 430 1707 et
449 1642 558 1705 redeat
573 1656 608 1705 ut
623 1642 728 1706 debet.
775 1644 821 1705 Et
842 1644 872 1705 si
887 1644 1065 1727 discipulus
1085 1655 1198 1724 vester,

242 1746 398 1829 Magister
420 1743 591 1818 Ricardus,
607 1755 764 1827 cognatus
787 1767 889 1823 meuS,
912 1746 1066 1824 rediisset,
1089 1746 1198 1829 quiin

242 1847 407 1913 redeundo
424 1848 514 1924 obiit,
530 1868 626 1929 super
640 1847 701 1911 hoc
718 1849 815 1910 verbo
831 1868 975 1911 essemus
990 1849 1150 1912 certiores.

280 1953 333 2014 De
356 1972 397 2014 eo
420 1962 537 2027 autem,
553 1948 640 2034 qnod
662 1950 703 2013 de
718 1961 802 2013 statu
824 1950 952 2034 imperii
967 1950 1048 2014 mira
1070 1951 1162 2033 quasi
1177 1972 1197 2013 a

241 2054 330 2115 vobis
345 2063 480 2135 accepta
495 2050 627 2114 domino
643 2072 736 2134 papae
750 2050 977 2127 insinuaverit3
1003 2050 1197 2134 respondeo,

240 2156 345 2239 ipsum
361 2154 449 2237 quod
466 2153 593 2236 accepit
607 2154 797 2231 insinuasse,
814 2154 871 2218 sed
886 2176 952 2217 non
967 2176 986 2218 a
1001 2155 1109 2218 vobis:
1134 2175 1194 2217 nec

241 2258 370 2342 quoda
391 2258 484 2320 vobis
508 2257 670 2340 acceperit
692 2258 721 2319 ei
745 2258 882 2341 scripsit.
928 2258 1014 2320 Nam
1035 2280 1092 2339 per
1116 2258 1196 2320 alios

241 2362 341 2443 magis
356 2360 527 2423 innotescit
541 2360 669 2443 imperii
683 2371 794 2423 status.
838 2362 908 2424 Nec
925 2360 1049 2438 mirum,
1065 2361 1092 2423 si
1108 2371 1196 2423 tanta

241 2466 340 2527 moles
354 2462 510 2526 occultari
521 2483 585 2525 non
598 2470 713 2545 potest.
745 2464 862 2526 Verum
879 2463 1088 2546 postillarum
1099 2462 1194 2553 inter-

241 2565 423 2649 ceptionem
432 2564 642 2641 literarum‚et
650 2564 798 2643 Magistri
805 2563 937 2626 Ricardi
949 2565 1083 2639 obitum,
1096 2585 1195 2647 quum

241 2686 334 2750 super
348 2666 412 2728 hoc
428 2666 525 2728 verbo
540 2664 755 2728 cardinalibus
773 2667 963 2749 loqueretur,
980 2666 1197 2729 dissuaserunt

240 2791 278 2832 ne
303 2790 359 2832 vos
381 2769 462 2831 citra
484 2769 655 2831 consilium
677 2778 710 2830 et
731 2770 926 2832 voluntatem
953 2769 1075 2831 domiui
1100 2790 1194 2851 papae

241 2892 388 2934 revocare
408 2882 622 2953 praesumeret.
668 2871 754 2943 Quin
777 2873 885 2954 potius
908 2871 1086 2933 attenderet
1109 2867 1196 2952 quod

242 2969 1196 3052 dominusRemensis,etomnessuffragaueisuiadhoccon·

242 3075 358 3147 vocati,
370 3096 435 3136 non
448 3073 517 3136 ausi
529 3086 603 3135 sunt
613 3074 802 3156 episcopum
815 3072 1090 3147 Cameracensem‚
1101 3071 1197 3133 etiam

240 3197 312 3240 cum
331 3175 505 3257 lachrymis
525 3176 744 3257 poenitentem,
760 3174 794 3236 in
810 3172 1100 3238 communicatione
1115 3171 1193 3234 reci-

239 3299 323 3361 pere,
335 3287 506 3358 antequam
517 3297 613 3359 super
628 3276 692 3338 hoc
709 3275 858 3339 dominus
870 3295 956 3358 papa
967 3274 1193 3337 consuleretur.

240 3381 353 3442 Vestra
367 3389 486 3454 tamen,
501 3378 584 3440 sicut
605 3378 650 3440 eis
673 3399 862 3460 responsum
888 3388 947 3452 est,
964 3397 1078 3440 caussa
1099 3377 1195 3456 longe

240 3480 406 3544 dissimilis
418 3490 477 3542 est.
516 3481 577 3542 llle
589 3481 719 3542 enimin
734 3480 1010 3543 schismaticorum
1022 3479 1196 3542 intraverat

240 3604 388 3659 errorem,
413 3603 475 3668 nec
501 3602 558 3643 vos
584 3582 618 3643 in
646 3581 753 3644 medio
785 3582 958 3646 schismate
988 3583 1196 3645 consensistis

240 3685 344 3748 errori.
400 3683 461 3745 llle
483 3694 550 3746 erat
571 3683 756 3766 episcopus,
778 3693 812 3746 et
838 3683 1014 3746 catholicos
1035 3683 1123 3746 visus
1149 3693 1197 3747 est

241 3787 442 3861 subvertisse,
458 3807 515 3848 vos
529 3785 563 3847 in
580 3795 665 3848 statu
679 3781 793 3868 privati
809 3783 850 3847 ad
872 3784 1027 3847 unitatem
1044 3786 1196 3850 schisma·

241 3889 322 3952 ticos
344 3888 506 3952 conamini
529 3908 687 3949 revocare.
732 3888 824 3950 Misit
846 3908 922 3968 ergo
945 3887 1095 3952 dominus
1111 3891 1196 3954 Can·

242 3989 411 4054 tuariensis
426 3990 539 4053 iterato
562 3989 604 4052 ad
627 3989 796 4052 ecclesiam
820 3989 1011 4066 Romanam,
1026 3991 1196 4075 injungens

243 4092 383 4169 nunciis,
412 4112 464 4154 me
493 4102 662 4173 praesente,
689 4101 725 4153 ut
753 4092 986 4154 revocationem
1012 4104 1148 4156 vostram
1178 4113 1198 4154 a

244 4194 374 4258 domino
402 4215 490 4278 papa
520 4204 700 4275 satagerent
728 4195 906 4278 impetrare.
950 4197 1026 4276 Ego
1055 4197 1125 4279 ipse
1154 4216 1195 4257 ex

246 4297 444 4360 conscientia
459 4297 607 4377 Magistri
622 4296 787 4378 Radulphi
799 4298 890 4378 Nigri
902 4301 1070 4382 composui
1082 4301 1197 4362 literas.

243 4398 314 4480 Ego
342 4399 452 4481 rogavi
479 4401 597 4480 ipsum,
622 4411 657 4460 ut
681 4400 725 4461 rei
755 4398 850 4483 hujus
876 4401 988 4463 seriem
1016 4421 1058 4461 ex
1088 4398 1197 4460 ordine
