3384 5525
363 812 475 891 lma]
514 869 518 874 .
755 827 937 876 saisiatae.
1264 819 1326 878 197

362 992 471 1043 ratum
486 1003 595 1065 regem
612 981 747 1065 supplex
763 982 905 1057 accessit,
922 1004 965 1057 se,
979 981 1103 1057 liberos,
1116 993 1225 1058 terras,
1240 986 1322 1047 vires

362 1091 395 1143 et
411 1079 591 1162 thesauros,
606 1104 778 1166 exponens,
794 1083 942 1145 universa
956 1083 1090 1146 contulit
1104 1086 1137 1147 in
1153 1085 1319 1149 arbitrium

364 1182 443 1267 ejus,
462 1196 498 1246 ut
514 1183 664 1246 omnibus
687 1195 843 1258 uteretur,
865 1183 1051 1247 abuteretur
1067 1206 1126 1266 pro
1143 1184 1319 1261 voluntate,

365 1284 527 1360 retineret,
555 1285 706 1363 auferret,
729 1285 819 1348 daret
846 1285 965 1370 quibus
992 1297 1023 1347 et
1045 1299 1202 1369 quantum
1225 1287 1320 1353 vellet
1408 1325 1409 1328 ¹

365 1398 422 1465 pro
444 1382 553 1461 libitu,
576 1384 664 1447 nulla
692 1406 823 1469 prorsus
853 1384 971 1448 inserta
993 1384 1043 1446 vel
1065 1384 1188 1469 adjecta
1211 1387 1320 1450 condi·

369 1484 461 1549 tione.
509 1487 652 1549 Secretas
667 1508 797 1570 quoque
820 1486 920 1548 eidem
938 1509 995 1570 per
1016 1485 1228 1549 internuntios
1242 1488 1321 1550 obli-

364 1586 509 1669 gationes
534 1600 608 1651 ante
631 1587 835 1672 praestiterat,
863 1587 917 1650 scd
944 1586 1033 1650 nulla
1058 1609 1168 1650 eorum
1196 1589 1321 1653 occulta

366 1698 422 1763 est,
437 1686 518 1771 quin
534 1699 572 1750 ut
587 1686 745 1750 credimus
759 1687 943 1771 publicetur
961 1688 992 1750 in
1009 1689 1108 1752 brevi.
1143 1690 1228 1751 Eum
1245 1713 1321 1774 ergo

365 1786 502 1873 benigne
518 1789 790 1853 mansuetissimus
805 1789 953 1875 princeps
967 1789 1098 1875 recepit,
1121 1794 1191 1854 Deo
1202 1793 1321 1876 gratias

367 1889 515 1965 referens,
525 1893 580 1974 qui
590 1888 691 1973 ipsius
700 1891 839 1953 animum
854 1890 1038 1966 emollierat,
1052 1903 1084 1954 et
1095 1891 1122 1953 ei
1131 1892 1187 1974 qui
1201 1893 1320 1957 salubri

366 1989 499 2053 consilio
528 1989 736 2075 adquiescens
773 1989 882 2054 debita
911 1990 1090 2054 humilitate
1120 1991 1258 2056 ecclesiae
1288 2008 1320 2058 at

366 2091 492 2176 populis
518 2092 630 2155 utilem
657 2090 823 2176 quaerebat
850 2113 970 2176 pacem.
1017 2093 1069 2157 Sic
1090 2094 1122 2155 in
1143 2094 1320 2159 hominium

365 2192 434 2275 ejus
452 2214 600 2255 reversus
614 2205 673 2267 est,
696 2191 760 2254 lide
778 2192 983 2277 corporaliter
1001 2195 1157 2279 praestita,
1179 2197 1268 2281 quod
1290 2199 1319 2261 ei

364 2308 517 2378 tanquam
530 2292 670 2368 domino,
685 2295 738 2357 cui
754 2306 827 2356 ante
842 2315 975 2377 regnum
993 2316 1084 2359 suum
1102 2295 1277 2363 hominium
1288 2313 1320 2364 et

364 2395 551 2460 fidelitatem
574 2396 702 2475 fecerat,
724 2395 819 2459 fidem
842 2396 980 2461 servabit
999 2410 1110 2461 contra
1131 2422 1238 2463 omnes
1261 2401 1318 2464 ho-

365 2501 475 2573 mines,
492 2498 586 2582 eique
604 2496 771 2582 praestabit
788 2495 943 2559 auxilium
960 2510 993 2561 et
1015 2498 1214 2584 obsequium,
1231 2503 1317 2587 quod

364 2599 432 2682 regi
449 2600 646 2661 Francorum
672 2602 929 2661 Normannorum
950 2598 1018 2662 dux
1040 2614 1193 2685 praestare
1212 2602 1317 2669 debet.

365 2699 445 2764 Inde
461 2699 522 2763 sibi
533 2699 663 2763 dextras
674 2710 705 2763 et
717 2698 826 2761 oscula
836 2697 1004 2765 dederunt.
1029 2702 1249 2787 Restituitque
1261 2726 1318 2768 rex

368 2803 512 2865 Francus
524 2800 811 2886 Anglicossritones
822 2813 855 2864 et
868 2802 1028 2880 Pictavos,
1041 2817 1170 2887 accepta
1179 2805 1269 2888 prius
1278 2806 1319 2868 ab

364 2926 402 2965 eo
416 2903 565 2966 cautione
579 2901 667 2987 quod
683 2903 727 2965 eis
747 2916 851 2967 castra
866 2916 897 2966 et
921 2914 1019 2966 terras
1038 2903 1079 2965 ab
1095 2902 1186 2965 initio
1201 2902 1322 2967 dissen-

369 3003 465 3068 sionis
491 3002 591 3088 hujus
620 3003 743 3069 ablatas
771 3004 930 3082 restituet,
959 3025 1133 3087 pacemque
1163 3005 1319 3069 servabit:

368 3103 623 3189 compensatione
656 3104 898 3169 homicidiorum
929 3115 961 3167 et
997 3104 1216 3167 incendiorum
1248 3106 1320 3170 hinc

365 3204 439 3268 inde
469 3204 619 3269 admissa.
679 3209 741 3268 Die
771 3227 846 3268 vero
876 3206 1020 3289 sequenti
1050 3203 1131 3267 filios
1162 3228 1235 3269 suos
1264 3207 1320 3270 ad·

366 3307 460 3370 duxit
476 3307 654 3370 Henricum
671 3319 704 3371 et
720 3307 909 3384 Ricardum,
926 3330 1063 3393 quorum
1081 3308 1203 3392 primus
1219 3309 1319 3376 homi-

366 3409 453 3473 nium
469 3422 502 3473 et
516 3409 701 3475 fidelitatem
724 3409 798 3473 fecit
821 3411 888 3493 regi
913 3412 1107 3473 Francorum
1129 3411 1169 3473 de
1191 3414 1321 3478 comita·

365 3512 452 3576 tibus
467 3510 690 3592 Andagavensi
705 3526 736 3577 et
752 3513 991 3576 Cenomanensi.
1037 3516 1119 3575 Nam
1131 3511 1197 3598 ipse
1212 3537 1268 3577 rex
1288 3516 1318 3579 in

366 3610 506 3675 hominio
517 3613 641 3676 comitis
652 3613 777 3676 Theob.
793 3634 852 3696 pro
864 3612 1044 3676 Turonensi
1056 3628 1205 3678 remanet.
1230 3615 1320 3680 Alter

365 3738 438 3780 vero
462 3713 605 3800 praestita
635 3714 788 3778 fidelitate
818 3714 962 3777 similiter
991 3727 1022 3777 et
1054 3715 1193 3779 hominio
1215 3718 1320 3784 Picta-

368 3817 505 3880 viensem
536 3816 653 3901 recepit
675 3816 872 3880 comitatum.
918 3817 1029 3902 Hujus
1058 3821 1145 3900 pacis
1166 3821 1320 3907 praecipui

366 3917 547 3982 inventores
561 3917 692 3982 fuerunt
709 3940 813 3980 comes
830 3917 955 3980 Theob.
978 3931 1010 3981 et
1032 3918 1131 3983 frater
1152 3923 1320 3988 Bernadus

367 4018 406 4082 de
417 4017 660 4093 Grandimonte‚
673 4020 730 4103 qui
740 4019 834 4103 primi
848 4041 918 4083 cum
930 4020 1319 4103 regibusconsciifuerunt

367 4129 496 4182 secretae
515 4117 730 4201 obligationis
753 4119 846 4203 cujus
870 4119 930 4181 leci
954 4119 1099 4205 superius
1115 4124 1319 4187 mentionem.

370 4221 409 4282 ln
424 4219 483 4282 hac
499 4228 607 4283 autern
620 4219 773 4283 honorum
786 4218 1012 4284 distributione
1028 4223 1142 4285 Franci
1156 4247 1251 4309 regno
1264 4247 1322 4286 suo

368 4322 566 4385 arbitrantur
588 4318 762 4403 plurimum
792 4342 858 4382 esse
881 4333 1104 4405 prospectum:
1128 4345 1165 4384 eo
1192 4321 1320 4405 quidem

369 4421 471 4506 magis
494 4419 580 4504 quod
599 4442 673 4483 cum
693 4420 846 4484 acerbiori
862 4419 970 4484 dolore
986 4422 1193 4485 meminerant
1204 4424 1321 4485 Henri-
