3384 5525
369 767 428 824 192
627 776 761 821 Josnnrs
777 774 1055 819 ssnssnaarnssrs
1222 759 1269 832 [s.
1287 777 1317 818 n.

363 928 588 1017 propulsandis
610 928 700 990 amici
724 926 933 990 incommodis
956 925 1070 988 viderit
1094 925 1319 1010 negligentem.

365 1038 490 1098 Harum
522 1031 580 1095 tibi
613 1028 880 1113 contemplatione
908 1050 1072 1091 causarum
1105 1028 1163 1091 tibi
1192 1027 1318 1092 tandem

363 1133 566 1199 scribendum
596 1134 714 1195 censui.
768 1130 864 1204 Quod
897 1145 1000 1194 tamen
1032 1129 1096 1194 tuis
1125 1147 1157 1194 et
1190 1144 1316 1194 tuorum

262 1243 265 1248 ’
364 1237 475 1300 usibus
491 1234 591 1320 magis
614 1255 709 1318 quam
728 1233 805 1295 meis
820 1246 942 1296 certum
960 1233 1001 1296 sit
1023 1232 1184 1318 expedire.
1230 1233 1319 1298 Nihil

364 1342 446 1402 enim
463 1336 608 1401 debonis
624 1335 698 1414 tuis,
714 1335 833 1422 quibus
855 1345 912 1398 nec
936 1336 1064 1421 indigeo
1085 1336 1229 1421 quidem,
1246 1336 1320 1401 mihi

363 1440 553 1525 concupisco
575 1436 624 1501 rel
647 1440 753 1521 exigo,
774 1437 828 1500 sed
854 1451 889 1501 ut
913 1436 1087 1523 prospicias
1110 1438 1179 1502 tibi.
1228 1438 1319 1502 Nosti

365 1541 523 1627 siquidem
560 1538 647 1625 quod
683 1538 831 1601 dominus
868 1540 1022 1603 Cantuar.
1055 1540 1111 1624 qui
1153 1540 1212 1602 tibi
1247 1540 1320 1627 jure

365 1644 536 1727 multiplici
558 1656 648 1727 pater
663 1655 694 1705 et
710 1639 858 1704 dominus
872 1655 931 1717 est,
949 1641 1014 1705 suis
1037 1655 1068 1705 et
1090 1642 1196 1726 gentis
1211 1643 1321 1706 alienae

366 1746 531 1833 stipendiis
557 1768 628 1809 cnm
654 1743 844 1828 gravissimo
871 1742 1013 1827 periculo
1036 1767 1094 1807 suo
1120 1756 1151 1808 et
1177 1745 1320 1808 omnium

366 1872 496 1913 suorum
512 1846 672 1911 ecclesiam
697 1846 759 1909 Dei
775 1869 794 1908 a
817 1846 969 1909 servitute
993 1847 1106 1910 nititur
1129 1846 1275 1922 liberare,
1291 1861 1329 1911 et·

367 1950 420 2013 vix
448 1949 480 2011 in
506 1948 613 2035 aliquo
639 1947 781 2012 fidelium
810 1970 941 2010 suorum
968 1950 1084 2032 reperit
1111 1947 1209 2012 fidem
1267 1949 1320 2011 Tu

366 2075 444 2136 ergo
458 2055 483 2116 si
499 2051 582 2137 sapis
600 2049 648 2113 vel
665 2073 748 2113 nunc
764 2049 841 2112 dum
866 2049 938 2112 licet
961 2048 1094 2134 provide
1118 2049 1189 2130 tibi,
1205 2050 1322 2114 redime

367 2151 561 2230 tarditatem,
576 2149 774 2213 communica
789 2150 1027 2213 necessitatibus
1043 2149 1111 2234 ejus
1129 2163 1163 2212 ut
1181 2150 1322 2213 consola·

367 2255 446 2317 tioni
472 2252 572 2338 possis
598 2252 839 2315 communicare.
895 2249 1045 2335 Alioquin
1074 2250 1171 2313 timeo
1197 2273 1237 2313 ne
1263 2251 1321 2315 tibi

367 2352 519 2417 damnosa
534 2353 589 2417 fiat
605 2351 803 2415 familiaritas
823 2373 921 2436 quam
944 2372 1016 2413 cum
1040 2350 1324 2414 excommunicatis

367 2456 435 2540 ejus
458 2456 606 2519 habuisse
627 2454 741 2518 diceris
763 2467 795 2517 et
818 2453 945 2517 habere.
995 2456 1063 2517 Nec
1086 2452 1188 2516 solum
1217 2477 1320 2538 regem

368 2558 496 2620 timeas:
529 2558 606 2641 quia
620 2569 652 2619 et
668 2555 817 2641 prodesse
833 2567 865 2619 et
880 2555 989 2617 obesse
1011 2567 1145 2639 possunt
1166 2554 1325 2619 ecclesias-

368 2658 440 2720 ticae
468 2667 650 2740 potestates.
702 2657 782 2721 Hoec
810 2655 869 2719 tibi
896 2667 1015 2719 secreto
1043 2667 1194 2740 tanquam
1224 2655 1324 2720 amico

368 2757 516 2835 dixerim,
534 2771 645 2844 utpote
667 2758 723 2844 qni
746 2781 765 2821 a
787 2758 923 2844 praefato
939 2757 1067 2823 domino
1086 2756 1278 2823 pictaviensi
1294 2773 1325 2824 te

368 2864 393 2926 si
417 2860 496 2947 quid
526 2860 650 2924 adversi
680 2860 854 2940 immineat,
877 2883 1094 2947 saepenumero
1119 2862 1231 2946 jussus
1254 2885 1321 2925 sum

368 2963 570 3050 praemunire.
617 2965 650 3027 Si
667 2986 740 3027 vcro
758 2962 904 3028 voluntas
920 2962 1021 3044 adest,
1035 2961 1172 3026 facultas
1187 2962 1245 3027 tibi
1263 2987 1324 3027 non

369 3065 479 3130 deerit.
528 3064 647 3129 Valete.

412 3379 633 3443 EPISTOLA
657 3380 997 3446 CCLXXXlII.-sn
1013 3401 1222 3446 aatnwrnnn
1239 3403 1281 3446 nu

599 3499 700 3543 vanna
717 3500 822 3545 naun.
874 3483 962 3561 [nn.
982 3484 1090 3563 naa]

551 3638 642 3701 Idem
657 3641 850 3704 Bnldewino
866 3643 904 3705 de
927 3645 1012 3706 Valle
1027 3644 1136 3707 Darii.

412 3776 479 3847 Qm
496 3787 527 3838 te
543 3773 726 3861 loquentem
744 3775 792 3838 vel
816 3775 1004 3839 scribentem
1028 3776 1131 3854 audit,
1146 3778 1324 3842 meminisse

368 3887 471 3960 potest
487 3874 581 3938 officii
597 3877 684 3961 quod
701 3877 837 3962 primum
855 3876 1026 3941 exercuisti
1042 3877 1073 3939 in
1090 3881 1180 3942 curia
1194 3879 1325 3965 quando

367 3978 426 4042 snb
442 4000 515 4061 rege
533 3979 705 4064 Stephano,
718 3993 749 4044 et
766 4001 837 4042 cum
855 3979 992 4064 praefato
1009 3979 1149 4042 Ricardo
1165 3981 1324 4044 militabas

366 4079 472 4143 adhuc
494 4102 574 4164 pene
597 4102 686 4166 puer.
735 4080 864 4144 Solebas
887 4104 954 4146 esse
975 4081 1095 4166 ingenii
1123 4083 1323 4168 perspicacis,

366 4194 399 4246 et
414 4182 456 4245 ad
473 4202 566 4245 omne
581 4195 613 4245 et
635 4182 778 4245 omnium
801 4206 897 4268 super
919 4205 1029 4248 omnes
1051 4197 1227 4247 coaetaneos
1250 4198 1323 4249 tuos

366 4297 512 4369 promtus
537 4284 737 4369 obsequium,
765 4298 936 4369 antequam
969 4298 1000 4349 te
1028 4285 1320 4351 Grammaticorum

366 4386 569 4471 immergeres
606 4385 718 4451 turbis.
786 4389 876 4473 Ergo
915 4410 989 4473 quae
1026 4388 1166 4472 loqueris
1206 4389 1321 4473 partim
