3384 5525
370 772 429 832 194
644 783 779 828 Joasms
796 780 1075 825 sanasnuruunsrs
1225 765 1272 840 [A.
1291 784 1319 826 n.

364 942 451 1001 Dum
468 936 517 999 his
532 956 659 1019 operam
676 934 752 997 dare
767 932 858 997 licuit
874 932 935 995 sub
958 932 1016 996 alis
1031 932 1155 1011 vestris,
1170 944 1202 997 et
1218 944 1320 997 rotam

364 1041 396 1102 in
413 1038 518 1100 medio
529 1048 609 1100 rotae
624 1059 697 1100 cum
710 1035 883 1121 Propheta,
897 1034 994 1097 immo
1008 1056 1082 1097 cum
1098 1033 1173 1097 filiis
1184 1035 1320 1119 prophe·

362 1156 479 1217 tarum,
489 1139 642 1202 doctrinae
652 1150 766 1201 vestrae
774 1135 928 1200 beneficio
940 1133 1158 1219 contemplari,
1168 1146 1200 1198 et
1210 1134 1322 1199 audire

364 1264 420 1327 per
434 1265 469 1304 os
490 1252 629 1302 vestrum
647 1236 726 1323 quid
749 1236 882 1322 spiritus
904 1234 1056 1319 loquatur
1078 1234 1229 1312 ecclesiis,
1243 1235 1320 1300 mihi

362 1341 446 1426 regis
463 1339 642 1424 Anglornm
660 1337 838 1421 indignatio
854 1335 926 1401 licet
943 1335 1045 1400 multa
1060 1336 1162 1421 gratis
1177 1335 1320 1411 abstulit,

363 1456 466 1506 tamen
491 1461 644 1525 magnum
671 1440 736 1503 visa
758 1450 805 1502 est
821 1438 967 1502 attulisse
989 1436 1226 1523 compendium,
1242 1438 1320 1502 adeo

362 1556 400 1607 ut
416 1544 580 1606 fructuosa
601 1542 763 1606 videretur
782 1563 848 1603 esse
860 1541 998 1625 jactura,
1015 1539 1162 1625 jucunda
1177 1539 1276 1618 laesio,
1290 1558 1320 1606 et

363 1657 455 1727 grata
467 1643 593 1728 injuria.
611 1643 673 1707 Sed
686 1664 786 1727 quum
799 1642 929 1705 avulsus
941 1664 1010 1705 sum
1024 1665 1042 1705 a
1053 1641 1190 1728 pedibus
1202 1645 1323 1722 vestris,

364 1759 441 1809 tunc
462 1745 600 1830 primum
624 1743 781 1829 dispendii
805 1756 837 1807 et
860 1744 997 1807 laesionis
1020 1743 1146 1806 aculeos
1169 1757 1320 1829 expertus

365 1846 458 1922 sensi,
483 1859 514 1909 et
541 1845 668 1931 quidem
694 1867 756 1907 non
784 1843 880 1917 solus,
906 1868 944 1907 eo
969 1844 1058 1930 qnod
1085 1847 1229 1908 omnium
1256 1846 1320 1910 fere

363 1946 553 2011 scholarium
565 1947 693 2032 jactura
708 1944 883 2009 communis
900 1959 957 2020 est,
975 1966 1038 2009 non
1055 1945 1130 2031 quia
1145 1945 1249 2010 desint
1265 1947 1320 2033 qui

364 2047 488 2111 dicendi
516 2048 725 2132 profiteantur
751 2046 901 2124 officium,
928 2046 981 2110 sed
1013 2047 1088 2132 quia
1119 2047 1236 2112 desunt
1265 2051 1321 2135 qui

365 2150 508 2213 doceant.
554 2148 704 2232 Magistri
731 2148 813 2212 enim
842 2161 916 2212 sunt
942 2148 1084 2234 plurimi,
1108 2150 1164 2213 sed
1186 2148 1321 2236 operarii

366 2250 477 2335 pauci:
511 2262 545 2311 ut
570 2249 731 2333 plerisque
754 2271 863 2312 eorum
888 2248 1071 2315 sedentibus
1085 2250 1117 2312 in
1135 2272 1234 2314 curru
1256 2254 1321 2315 Eu·

363 2350 461 2414 nuchi
482 2350 643 2438 AEthiopis
673 2350 908 2414 ruminantibus
930 2350 1043 2435 legem,
1068 2352 1221 2437 mysteria
1243 2375 1322 2438 prae·

365 2453 552 2516 conantibus
567 2466 598 2517 et
621 2454 790 2517 verborum
812 2452 951 2517 flosculis
972 2454 1140 2539 exquisitis
1159 2453 1320 2540 picturan-

365 2554 454 2617 tibus
478 2554 613 2639 speciem
639 2556 727 2619 verbi
755 2555 828 2630 Dei,
853 2555 966 2620 merito
989 2556 1053 2620 dici
1077 2555 1196 2642 possit:
1222 2558 1322 2622 Putas

364 2653 516 2738 intelligis
539 2678 612 2739 quae
627 2656 731 2740 legis?
761 2656 871 2722 Rediit
895 2661 1011 2722 iterum
1028 2658 1237 2724 miserationis
1259 2659 1321 2723 elo-

363 2757 464 2843 gium,
481 2756 558 2844 quia
579 2756 714 2823 adhaesit
734 2759 844 2845 lingua
866 2759 1011 2826 lactentis
1030 2760 1071 2825 ad
1087 2760 1231 2847 palatum
1254 2763 1322 2847 ejus

363 2863 396 2924 in
413 2861 482 2926 siti:
508 2860 633 2945 parvuli
649 2861 810 2946 petierunt
826 2885 952 2948 panem,
965 2875 996 2927 et
1011 2885 1073 2926 non
1086 2875 1154 2928 erat
1169 2864 1227 2949 qui
1240 2864 1323 2929 frau-

364 2976 454 3047 geret
471 2962 524 3027 eis.
556 2967 682 3028 Horum
695 2986 779 3027 unus
790 2987 851 3048 ego
865 2963 905 3026 ad
921 2986 1015 3049 quem
1031 2963 1085 3028 ibo
1100 2963 1159 3027 nisi
1174 2963 1215 3027 ad
1233 2963 1321 3027 illum

364 3066 421 3149 qui
449 3088 561 3151 panem
590 3065 755 3153 discipulis
781 3066 927 3151 frangere
954 3065 1129 3143 consuevit,
1156 3085 1193 3131 ut
1219 3065 1321 3150 digeri

363 3168 464 3250 possit
474 3181 505 3231 et
519 3168 652 3231 transire
665 3168 696 3231 in
709 3167 858 3231 alimenta
871 3167 1010 3233 scientiae
1022 3178 1054 3231 et
1064 3170 1209 3230 morum?
1233 3167 1320 3231 Alios

364 3288 502 3351 namque
518 3267 614 3330 didici
630 3268 772 3353 integros
788 3281 819 3332 et
836 3267 934 3331 duros
949 3289 1109 3353 apponere
1123 3288 1232 3351 panes,
1248 3267 1321 3353 qui·

363 3365 426 3430 bus
437 3366 598 3429 auditores
613 3368 738 3430 facilius
754 3381 888 3453 possunt
900 3366 1092 3452 strangulari
1108 3388 1204 3453 quam
1223 3368 1318 3432 refici.

364 3468 482 3530 Precor
498 3490 573 3551 ergo
589 3468 614 3530 si
630 3468 746 3553 placet,
765 3486 800 3534 ut
817 3470 894 3534 mihi
911 3471 1081 3534 rescribere
1096 3469 1271 3555 dignemini
1287 3470 1318 3533 in

364 3593 430 3654 quo
446 3568 526 3632 libro
548 3582 674 3654 reperta
697 3570 735 3634 sit
757 3571 849 3655 glosa
870 3595 945 3658 quae
969 3571 1147 3657 Augustini
1169 3585 1320 3658 concepta

364 3671 489 3734 nomine
506 3672 604 3736 tradit
621 3674 643 3735 J
648 3672 755 3737 udaeos
771 3675 944 3739 celebrasse
957 3674 1127 3760 septimum
1144 3673 1240 3754 diem,
1251 3697 1319 3760 sep-

365 3772 473 3835 timam
504 3774 723 3859 septimanam,
755 3775 923 3860 septimum
954 3797 1104 3855 mensem,
1135 3779 1191 3841 &c
1239 3778 1319 3842 Nam

365 3873 537 3937 secundum
569 3877 616 3938 M.
636 3875 767 3941 Petrum
794 3889 842 3940 ter
866 3877 896 3940 in
920 3877 1070 3963 psalterio
1094 3876 1198 3961 posita
1220 3890 1319 3942 estet

364 3973 395 4037 in
412 3973 554 4058 epistolis
569 3977 673 4041 semel.
720 3977 788 4040 Nec
803 3977 845 4041 ob
868 3976 928 4041 hoc
942 3999 1054 4062 quaero
1077 3975 1154 4062 quia
1166 3977 1319 4063 septimus

363 4099 464 4141 annus
480 4078 623 4162 septimae
638 4077 765 4142 decadis
780 4078 824 4143 ibi
841 4078 960 4145 dicitur
977 4077 1141 4163 jubilaeus.
1187 4081 1319 4145 Constat

363 4179 446 4242 euim
469 4179 631 4264 quomodo
655 4178 752 4243 soleat
778 4181 829 4245 hic
854 4181 1009 4246 articulus
1033 4181 1209 4264 explanari.
1258 4181 1316 4246 Sed

363 4281 441 4367 qnia
462 4294 585 4370 certum
608 4296 655 4347 est
672 4283 807 4347 Judaeos
829 4306 1005 4370 numquam
1023 4282 1195 4368 jubilaeum
1218 4283 1252 4349 id
1274 4295 1317 4349 est

363 4370 658 4474 quinquagesimum
671 4389 852 4454 celebrasse.
901 4391 971 4451 Aut
996 4387 1109 4472 siquis
1132 4387 1192 4452 hoc
1209 4385 1317 4460 credit,
