<?xml version="1.0" encoding="UTF-8"?>
<!DOCTYPE html PUBLIC "-//W3C//DTD XHTML 1.0 Transitional//EN"
    "http://www.w3.org/TR/xhtml1/DTD/xhtml1-transitional.dtd">
<html xmlns="http://www.w3.org/1999/xhtml" xml:lang="en" lang="en">
 <head>
  <title>
</title>
<meta http-equiv="Content-Type" content="text/html;charset=utf-8" />
  <meta name='ocr-system' content='tesseract 3.04.00' />
  <meta name='ocr-capabilities' content='ocr_page ocr_carea ocr_par ocr_line ocrx_word'/>
</head>
<body>
  <div class='ocr_page' id='page_1' title='image "./joannissaresber05johngoog_0040.png"; bbox 0 0 3384 5525; ppageno 0'>
   <div class='ocr_carea' id='block_1_1' title="bbox 455 788 1422 862">
    <p class='ocr_par' dir='ltr' id='par_1_1' title="bbox 455 788 1422 862">
     <span class='ocr_line' id='line_1_1' title="bbox 455 788 1422 862; baseline -0.005 -9"><span class='ocrx_word' id='word_1_1' title='bbox 455 796 497 853; x_wconf 70' lang='lat'>22</span> <span class='ocrx_word' id='word_1_2' title='bbox 716 805 853 850; x_wconf 75' lang='lat' dir='ltr'>roauurs</span> <span class='ocrx_word' id='word_1_3' title='bbox 868 804 1148 850; x_wconf 75' lang='lat' dir='ltr'>sunusnuurausm</span> <span class='ocrx_word' id='word_1_4' title='bbox 1314 788 1364 862; x_wconf 76' lang='lat' dir='ltr'>[s.</span> <span class='ocrx_word' id='word_1_5' title='bbox 1384 803 1422 848; x_wconf 90' lang='lat' dir='ltr'>n.</span> 
     </span>
    </p>
   </div>
   <div class='ocr_carea' id='block_1_2' title="bbox 454 955 1424 2234">
    <p class='ocr_par' dir='ltr' id='par_1_2' title="bbox 454 955 1424 2234">
     <span class='ocr_line' id='line_1_2' title="bbox 454 955 1423 1040; baseline -0.005 -16"><span class='ocrx_word' id='word_1_6' title='bbox 454 960 628 1024; x_wconf 82' lang='lat' dir='ltr'><strong>ditionem:</strong></span> <span class='ocrx_word' id='word_1_7' title='bbox 656 968 775 1020; x_wconf 70' lang='lat' dir='ltr'>centnm</span> <span class='ocrx_word' id='word_1_8' title='bbox 796 959 952 1021; x_wconf 83' lang='lat' dir='ltr'>habentes</span> <span class='ocrx_word' id='word_1_9' title='bbox 974 957 1050 1040; x_wconf 89' lang='lat' dir='ltr'>quia</span> <span class='ocrx_word' id='word_1_10' title='bbox 1065 958 1180 1019; x_wconf 90' lang='lat' dir='ltr'>melius</span> <span class='ocrx_word' id='word_1_11' title='bbox 1201 968 1250 1019; x_wconf 87' lang='lat' dir='ltr'>cst</span> <span class='ocrx_word' id='word_1_12' title='bbox 1269 955 1423 1019; x_wconf 80' lang='lat' dir='ltr'><strong>incidere</strong></span> 
     </span>
     <span class='ocr_line' id='line_1_3' title="bbox 454 1060 1424 1143; baseline -0.005 -18"><span class='ocrx_word' id='word_1_13' title='bbox 454 1063 488 1125; x_wconf 90' lang='lat' dir='ltr'>in</span> <span class='ocrx_word' id='word_1_14' title='bbox 511 1081 626 1123; x_wconf 89' lang='lat' dir='ltr'>manus</span> <span class='ocrx_word' id='word_1_15' title='bbox 645 1060 823 1134; x_wconf 90' lang='lat' dir='ltr'>hominum,</span> <span class='ocrx_word' id='word_1_16' title='bbox 846 1082 941 1143; x_wconf 92' lang='lat' dir='ltr'>quam</span> <span class='ocrx_word' id='word_1_17' title='bbox 965 1060 1186 1142; x_wconf 87' lang='lat' dir='ltr'>derelinquere</span> <span class='ocrx_word' id='word_1_18' title='bbox 1208 1060 1314 1139; x_wconf 86' lang='lat' dir='ltr'>legem</span> <span class='ocrx_word' id='word_1_19' title='bbox 1340 1060 1424 1136; x_wconf 91' lang='lat' dir='ltr'>Dei,</span> 
     </span>
     <span class='ocr_line' id='line_1_4' title="bbox 455 1160 1419 1244; baseline 0.002 -23"><span class='ocrx_word' id='word_1_20' title='bbox 455 1164 504 1227; x_wconf 84' lang='lat' dir='ltr'>vel</span> <span class='ocrx_word' id='word_1_21' title='bbox 521 1160 728 1244; x_wconf 81' lang='lat' dir='ltr'>turpitudinis</span> <span class='ocrx_word' id='word_1_22' title='bbox 742 1162 902 1225; x_wconf 84' lang='lat' dir='ltr'>incurrere</span> <span class='ocrx_word' id='word_1_23' title='bbox 917 1162 1085 1223; x_wconf 84' lang='lat' dir='ltr'>maculam.</span> <span class='ocrx_word' id='word_1_24' title='bbox 1119 1162 1191 1223; x_wconf 92' lang='lat' dir='ltr'>Nec</span> <span class='ocrx_word' id='word_1_25' title='bbox 1208 1170 1313 1222; x_wconf 88' lang='lat' dir='ltr'>tamen</span> <span class='ocrx_word' id='word_1_26' title='bbox 1330 1180 1419 1241; x_wconf 80' lang='lat' dir='ltr'>prse-</span> 
     </span>
     <span class='ocr_line' id='line_1_5' title="bbox 455 1261 1420 1343; baseline -0.004 -17"><span class='ocrx_word' id='word_1_27' title='bbox 455 1262 610 1326; x_wconf 90' lang='lat' dir='ltr'>sumimus</span> <span class='ocrx_word' id='word_1_28' title='bbox 625 1261 731 1343; x_wconf 87' lang='lat' dir='ltr'>jurare</span> <span class='ocrx_word' id='word_1_29' title='bbox 746 1262 980 1324; x_wconf 77' lang='lat' dir='ltr'>observantiam</span> <span class='ocrx_word' id='word_1_30' title='bbox 1002 1261 1172 1342; x_wconf 83' lang='lat' dir='ltr'>evangelii,</span> <span class='ocrx_word' id='word_1_31' title='bbox 1187 1280 1345 1323; x_wconf 78' lang='lat' dir='ltr'><strong>memores</strong></span> <span class='ocrx_word' id='word_1_32' title='bbox 1366 1261 1420 1322; x_wconf 92' lang='lat' dir='ltr'>in·</span> 
     </span>
     <span class='ocr_line' id='line_1_6' title="bbox 455 1361 1419 1448; baseline -0.006 -19"><span class='ocrx_word' id='word_1_33' title='bbox 455 1364 614 1429; x_wconf 87' lang='lat' dir='ltr'>firmitatis</span> <span class='ocrx_word' id='word_1_34' title='bbox 633 1375 769 1427; x_wconf 84' lang='lat' dir='ltr'>uostrae:</span> <span class='ocrx_word' id='word_1_35' title='bbox 796 1377 830 1426; x_wconf 90' lang='lat' dir='ltr'>ut</span> <span class='ocrx_word' id='word_1_36' title='bbox 849 1363 1009 1448; x_wconf 90' lang='lat' dir='ltr'>liquidum</span> <span class='ocrx_word' id='word_1_37' title='bbox 1032 1364 1073 1426; x_wconf 88' lang='lat' dir='ltr'>sit</span> <span class='ocrx_word' id='word_1_38' title='bbox 1093 1385 1189 1448; x_wconf 88' lang='lat' dir='ltr'>quam</span> <span class='ocrx_word' id='word_1_39' title='bbox 1213 1361 1419 1425; x_wconf 84' lang='lat' dir='ltr'>temerarium</span> 
     </span>
     <span class='ocr_line' id='line_1_7' title="bbox 456 1464 1419 1550; baseline -0.007 -18"><span class='ocrx_word' id='word_1_40' title='bbox 456 1477 505 1532; x_wconf 90' lang='lat' dir='ltr'>est</span> <span class='ocrx_word' id='word_1_41' title='bbox 520 1465 628 1550; x_wconf 85' lang='lat' dir='ltr'>jurare</span> <span class='ocrx_word' id='word_1_42' title='bbox 647 1466 682 1528; x_wconf 90' lang='lat' dir='ltr'>in</span> <span class='ocrx_word' id='word_1_43' title='bbox 705 1465 955 1528; x_wconf 88' lang='lat' dir='ltr'>consuetudines</span> <span class='ocrx_word' id='word_1_44' title='bbox 976 1466 1171 1546; x_wconf 82' lang='lat' dir='ltr'>reprobatas.</span> <span class='ocrx_word' id='word_1_45' title='bbox 1217 1464 1291 1525; x_wconf 87' lang='lat' dir='ltr'>lloc</span> <span class='ocrx_word' id='word_1_46' title='bbox 1307 1475 1419 1526; x_wconf 81' lang='lat' dir='ltr'>sutem</span> 
     </span>
     <span class='ocr_line' id='line_1_8' title="bbox 455 1561 1419 1652; baseline -0.005 -20"><span class='ocrx_word' id='word_1_47' title='bbox 455 1566 693 1652; x_wconf 80' lang='lat' dir='ltr'><strong>supramodum</strong></span> <span class='ocrx_word' id='word_1_48' title='bbox 702 1561 1419 1650; x_wconf 83' lang='lat' dir='ltr'>miror,quodCantuariensisarcbidiuconus</span> 
     </span>
     <span class='ocr_line' id='line_1_9' title="bbox 455 1665 1418 1753; baseline -0.006 -20"><span class='ocrx_word' id='word_1_49' title='bbox 455 1680 511 1733; x_wconf 85' lang='lat' dir='ltr'>aut</span> <span class='ocrx_word' id='word_1_50' title='bbox 525 1691 583 1753; x_wconf 90' lang='lat' dir='ltr'>per</span> <span class='ocrx_word' id='word_1_51' title='bbox 597 1690 632 1732; x_wconf 89' lang='lat' dir='ltr'>se</span> <span class='ocrx_word' id='word_1_52' title='bbox 648 1682 703 1732; x_wconf 81' lang='lat' dir='ltr'>erit</span> <span class='ocrx_word' id='word_1_53' title='bbox 716 1690 774 1753; x_wconf 91' lang='lat' dir='ltr'>per</span> <span class='ocrx_word' id='word_1_54' title='bbox 793 1669 891 1731; x_wconf 83' lang='lat' dir='ltr'>alium</span> <span class='ocrx_word' id='word_1_55' title='bbox 907 1687 974 1729; x_wconf 91' lang='lat' dir='ltr'>non</span> <span class='ocrx_word' id='word_1_56' title='bbox 988 1668 1113 1730; x_wconf 85' lang='lat' dir='ltr'>laborat</span> <span class='ocrx_word' id='word_1_57' title='bbox 1127 1665 1168 1728; x_wconf 92' lang='lat' dir='ltr'>de</span> <span class='ocrx_word' id='word_1_58' title='bbox 1183 1685 1280 1749; x_wconf 87' lang='lat' dir='ltr'>pace:</span> <span class='ocrx_word' id='word_1_59' title='bbox 1313 1686 1418 1748; x_wconf 90' lang='lat' dir='ltr'>quum</span> 
     </span>
     <span class='ocr_line' id='line_1_10' title="bbox 456 1766 1419 1848; baseline -0.005 -15"><span class='ocrx_word' id='word_1_60' title='bbox 456 1770 486 1833; x_wconf 88' lang='lat' dir='ltr'>ei</span> <span class='ocrx_word' id='word_1_61' title='bbox 502 1780 627 1833; x_wconf 89' lang='lat' dir='ltr'>constet</span> <span class='ocrx_word' id='word_1_62' title='bbox 642 1770 715 1832; x_wconf 92' lang='lat' dir='ltr'>Deo</span> <span class='ocrx_word' id='word_1_63' title='bbox 730 1780 763 1831; x_wconf 88' lang='lat' dir='ltr'>et</span> <span class='ocrx_word' id='word_1_64' title='bbox 777 1788 968 1831; x_wconf 73' lang='lat' dir='ltr'>mammonae</span> <span class='ocrx_word' id='word_1_65' title='bbox 984 1766 1079 1829; x_wconf 88' lang='lat' dir='ltr'>simul</span> <span class='ocrx_word' id='word_1_66' title='bbox 1099 1766 1208 1829; x_wconf 81' lang='lat' dir='ltr'>serviri</span> <span class='ocrx_word' id='word_1_67' title='bbox 1223 1786 1289 1828; x_wconf 88' lang='lat' dir='ltr'>non</span> <span class='ocrx_word' id='word_1_68' title='bbox 1307 1786 1419 1848; x_wconf 86' lang='lat' dir='ltr'>posse.</span> 
     </span>
     <span class='ocr_line' id='line_1_11' title="bbox 456 1867 1418 1934; baseline -0.004 -2"><span class='ocrx_word' id='word_1_69' title='bbox 456 1872 546 1934; x_wconf 81' lang='lat' dir='ltr'>Vale.</span> <span class='ocrx_word' id='word_1_70' title='bbox 577 1870 702 1932; x_wconf 79' lang='lat' dir='ltr'>Salutat</span> <span class='ocrx_word' id='word_1_71' title='bbox 714 1880 743 1930; x_wconf 91' lang='lat' dir='ltr'>te</span> <span class='ocrx_word' id='word_1_72' title='bbox 756 1869 849 1931; x_wconf 85' lang='lat' dir='ltr'>frater</span> <span class='ocrx_word' id='word_1_73' title='bbox 859 1889 949 1931; x_wconf 89' lang='lat' dir='ltr'>meus</span> <span class='ocrx_word' id='word_1_74' title='bbox 959 1869 1000 1930; x_wconf 80' lang='lat' dir='ltr'>R.</span> <span class='ocrx_word' id='word_1_75' title='bbox 1011 1881 1045 1930; x_wconf 90' lang='lat' dir='ltr'>et</span> <span class='ocrx_word' id='word_1_76' title='bbox 1056 1867 1185 1930; x_wconf 89' lang='lat' dir='ltr'>domum</span> <span class='ocrx_word' id='word_1_77' title='bbox 1196 1879 1283 1930; x_wconf 86' lang='lat' dir='ltr'>tuam</span> <span class='ocrx_word' id='word_1_78' title='bbox 1296 1877 1418 1930; x_wconf 89' lang='lat' dir='ltr'>tecum.</span> 
     </span>
     <span class='ocr_line' id='line_1_12' title="bbox 457 1969 1417 2054; baseline -0.003 -20"><span class='ocrx_word' id='word_1_79' title='bbox 457 1970 597 2034; x_wconf 79' lang='lat' dir='ltr'>Salutem</span> <span class='ocrx_word' id='word_1_80' title='bbox 615 1969 752 2032; x_wconf 83' lang='lat' dir='ltr'>dicimus</span> <span class='ocrx_word' id='word_1_81' title='bbox 767 1970 892 2032; x_wconf 82' lang='lat' dir='ltr'>clericis</span> <span class='ocrx_word' id='word_1_82' title='bbox 910 1971 1053 2053; x_wconf 85' lang='lat' dir='ltr'>copellae,</span> <span class='ocrx_word' id='word_1_83' title='bbox 1069 1972 1126 2054; x_wconf 93' lang='lat' dir='ltr'>qui</span> <span class='ocrx_word' id='word_1_84' title='bbox 1141 1990 1202 2033; x_wconf 85' lang='lat' dir='ltr'>nec</span> <span class='ocrx_word' id='word_1_85' title='bbox 1224 1990 1266 2032; x_wconf 88' lang='lat' dir='ltr'>ex</span> <span class='ocrx_word' id='word_1_86' title='bbox 1282 1969 1417 2031; x_wconf 89' lang='lat' dir='ltr'>nomine</span> 
     </span>
     <span class='ocr_line' id='line_1_13' title="bbox 457 2070 1416 2154; baseline 0 -19"><span class='ocrx_word' id='word_1_87' title='bbox 457 2070 728 2135; x_wconf 86' lang='lat' dir='ltr'>excommunicati</span> <span class='ocrx_word' id='word_1_88' title='bbox 744 2083 828 2147; x_wconf 90' lang='lat' dir='ltr'>suut,</span> <span class='ocrx_word' id='word_1_89' title='bbox 839 2092 900 2134; x_wconf 90' lang='lat' dir='ltr'>uec</span> <span class='ocrx_word' id='word_1_90' title='bbox 916 2071 1047 2134; x_wconf 87' lang='lat' dir='ltr'>aliorum</span> <span class='ocrx_word' id='word_1_91' title='bbox 1060 2071 1315 2154; x_wconf 84' lang='lat' dir='ltr'>participatione.</span> <span class='ocrx_word' id='word_1_92' title='bbox 1341 2072 1416 2135; x_wconf 87' lang='lat' dir='ltr'>Mc·</span> 
     </span>
     <span class='ocr_line' id='line_1_14' title="bbox 457 2168 1250 2234; baseline -0.004 0"><span class='ocrx_word' id='word_1_93' title='bbox 457 2182 565 2234; x_wconf 89' lang='lat' dir='ltr'>mento</span> <span class='ocrx_word' id='word_1_94' title='bbox 579 2168 679 2234; x_wconf 84' lang='lat' dir='ltr'>nostri</span> <span class='ocrx_word' id='word_1_95' title='bbox 693 2172 725 2233; x_wconf 90' lang='lat' dir='ltr'>in</span> <span class='ocrx_word' id='word_1_96' title='bbox 742 2171 938 2234; x_wconf 87' lang='lat' dir='ltr'>orationibus</span> <span class='ocrx_word' id='word_1_97' title='bbox 953 2172 1015 2233; x_wconf 92' lang='lat' dir='ltr'>tuis</span> <span class='ocrx_word' id='word_1_98' title='bbox 1031 2171 1178 2233; x_wconf 90' lang='lat' dir='ltr'>memoris</span> <span class='ocrx_word' id='word_1_99' title='bbox 1194 2172 1250 2234; x_wconf 89' lang='lat' dir='ltr'>tui.</span> 
     </span>
    </p>
   </div>
   <div class='ocr_carea' id='block_1_3' title="bbox 457 2489 1418 2673">
    <p class='ocr_par' dir='ltr' id='par_1_3' title="bbox 457 2489 1418 2673">
     <span class='ocr_line' id='line_1_15' title="bbox 457 2489 1418 2558; baseline 0.007 -7"><span class='ocrx_word' id='word_1_100' title='bbox 457 2489 677 2554; x_wconf 84' lang='lat' dir='ltr'>EPISTOLA</span> <span class='ocrx_word' id='word_1_101' title='bbox 692 2489 931 2553; x_wconf 76' lang='lat' dir='ltr'>CXCV1.-sn</span> <span class='ocrx_word' id='word_1_102' title='bbox 941 2510 1021 2553; x_wconf 73' lang='lat' dir='ltr'>urso.</span> <span class='ocrx_word' id='word_1_103' title='bbox 1035 2510 1110 2554; x_wconf 78' lang='lat' dir='ltr'>nso.</span> <span class='ocrx_word' id='word_1_104' title='bbox 1125 2512 1167 2555; x_wconf 84' lang='lat' dir='ltr'>nn</span> <span class='ocrx_word' id='word_1_105' title='bbox 1180 2511 1418 2558; x_wconf 74' lang='lat' dir='ltr'>erumnosus.</span> 
     </span>
     <span class='ocr_line' id='line_1_16' title="bbox 827 2592 1050 2673; baseline 0.004 -19"><span class='ocrx_word' id='word_1_106' title='bbox 827 2592 873 2671; x_wconf 79' lang='lat' dir='ltr'>[A.</span> <span class='ocrx_word' id='word_1_107' title='bbox 890 2611 921 2655; x_wconf 82' lang='lat' dir='ltr'>n.</span> <span class='ocrx_word' id='word_1_108' title='bbox 941 2592 1050 2673; x_wconf 78' lang='lat' dir='ltr'>uon]</span> 
     </span>
    </p>
   </div>
   <div class='ocr_carea' id='block_1_4' title="bbox 536 2747 1334 2833">
    <p class='ocr_par' dir='ltr' id='par_1_4' title="bbox 536 2747 1334 2833">
     <span class='ocr_line' id='line_1_17' title="bbox 536 2747 1334 2833; baseline 0.005 -21"><span class='ocrx_word' id='word_1_109' title='bbox 536 2747 631 2814; x_wconf 82' lang='lat' dir='ltr'>Joon.</span> <span class='ocrx_word' id='word_1_110' title='bbox 648 2749 759 2814; x_wconf 80' lang='lat' dir='ltr'>Seres.</span> <span class='ocrx_word' id='word_1_111' title='bbox 775 2748 867 2832; x_wconf 65' lang='grc' dir='ltr'><em>Μαμ.</em></span> <span class='ocrx_word' id='word_1_112' title='bbox 886 2748 1056 2833; x_wconf 76' lang='lat' dir='ltr'>liudulpho</span> <span class='ocrx_word' id='word_1_113' title='bbox 1071 2751 1110 2814; x_wconf 85' lang='lat' dir='ltr'>de</span> <span class='ocrx_word' id='word_1_114' title='bbox 1127 2751 1334 2816; x_wconf 78' lang='lat' dir='ltr'>Bellomoate.</span> 
     </span>
    </p>
   </div>
   <div class='ocr_carea' id='block_1_5' title="bbox 457 2911 1418 4521">
    <p class='ocr_par' dir='ltr' id='par_1_5' title="bbox 457 2911 1418 4521">
     <span class='ocr_line' id='line_1_18' title="bbox 499 2911 1418 2993; baseline 0.003 -19"><span class='ocrx_word' id='word_1_115' title='bbox 499 2913 605 2974; x_wconf 69' lang='lat' dir='ltr'>Vsum</span> <span class='ocrx_word' id='word_1_116' title='bbox 620 2912 731 2976; x_wconf 88' lang='lat' dir='ltr'>titulus</span> <span class='ocrx_word' id='word_1_117' title='bbox 747 2911 876 2993; x_wconf 86' lang='lat' dir='ltr'>pietatis</span> <span class='ocrx_word' id='word_1_118' title='bbox 892 2911 982 2973; x_wconf 88' lang='lat' dir='ltr'>nullo</span> <span class='ocrx_word' id='word_1_119' title='bbox 998 2912 1110 2975; x_wconf 91' lang='lat' dir='ltr'>melius</span> <span class='ocrx_word' id='word_1_120' title='bbox 1125 2913 1272 2975; x_wconf 85' lang='lat' dir='ltr'>clarescit</span> <span class='ocrx_word' id='word_1_121' title='bbox 1291 2911 1418 2978; x_wconf 91' lang='lat' dir='ltr'>iudicio</span> 
     </span>
     <span class='ocr_line' id='line_1_19' title="bbox 458 3013 1416 3099; baseline 0.001 -21"><span class='ocrx_word' id='word_1_122' title='bbox 458 3037 556 3099; x_wconf 87' lang='lat' dir='ltr'>quam</span> <span class='ocrx_word' id='word_1_123' title='bbox 569 3038 667 3099; x_wconf 91' lang='lat' dir='ltr'>quum</span> <span class='ocrx_word' id='word_1_124' title='bbox 683 3016 749 3078; x_wconf 92' lang='lat' dir='ltr'>illis</span> <span class='ocrx_word' id='word_1_125' title='bbox 763 3013 1011 3077; x_wconf 85' lang='lat' dir='ltr'>misericorditer</span> <span class='ocrx_word' id='word_1_126' title='bbox 1026 3015 1185 3091; x_wconf 83' lang='lat' dir='ltr'>subvenit,</span> <span class='ocrx_word' id='word_1_127' title='bbox 1200 3015 1255 3099; x_wconf 89' lang='lat' dir='ltr'>qui</span> <span class='ocrx_word' id='word_1_128' title='bbox 1271 3016 1416 3079; x_wconf 86' lang='lat' dir='ltr'>humano</span> 
     </span>
     <span class='ocr_line' id='line_1_20' title="bbox 457 3115 1416 3200; baseline 0.003 -22"><span class='ocrx_word' id='word_1_129' title='bbox 457 3116 572 3178; x_wconf 89' lang='lat' dir='ltr'>solatio</span> <span class='ocrx_word' id='word_1_130' title='bbox 587 3115 732 3178; x_wconf 89' lang='lat' dir='ltr'>destituti</span> <span class='ocrx_word' id='word_1_131' title='bbox 747 3125 831 3188; x_wconf 92' lang='lat' dir='ltr'>sunt,</span> <span class='ocrx_word' id='word_1_132' title='bbox 846 3125 879 3176; x_wconf 91' lang='lat' dir='ltr'>et</span> <span class='ocrx_word' id='word_1_133' title='bbox 895 3136 975 3197; x_wconf 91' lang='lat' dir='ltr'>quos</span> <span class='ocrx_word' id='word_1_134' title='bbox 989 3116 1131 3197; x_wconf 81' lang='lat' dir='ltr'>ingratus</span> <span class='ocrx_word' id='word_1_135' title='bbox 1148 3118 1218 3180; x_wconf 91' lang='lat' dir='ltr'>Deo</span> <span class='ocrx_word' id='word_1_136' title='bbox 1234 3117 1331 3196; x_wconf 84' lang='lat' dir='ltr'>gratis</span> <span class='ocrx_word' id='word_1_137' title='bbox 1343 3139 1416 3200; x_wconf 89' lang='lat' dir='ltr'>per·</span> 
     </span>
     <span class='ocr_line' id='line_1_21' title="bbox 458 3215 1416 3299; baseline 0.005 -22"><span class='ocrx_word' id='word_1_138' title='bbox 458 3215 600 3298; x_wconf 89' lang='lat' dir='ltr'>sequitur</span> <span class='ocrx_word' id='word_1_139' title='bbox 619 3216 770 3277; x_wconf 88' lang='lat' dir='ltr'>mundus.</span> <span class='ocrx_word' id='word_1_140' title='bbox 817 3216 891 3276; x_wconf 91' lang='lat' dir='ltr'>Hoc</span> <span class='ocrx_word' id='word_1_141' title='bbox 901 3215 1009 3299; x_wconf 87' lang='lat' dir='ltr'>itaque</span> <span class='ocrx_word' id='word_1_142' title='bbox 1019 3228 1051 3279; x_wconf 88' lang='lat' dir='ltr'>te</span> <span class='ocrx_word' id='word_1_143' title='bbox 1063 3230 1244 3280; x_wconf 90' lang='lat' dir='ltr'>assecutum</span> <span class='ocrx_word' id='word_1_144' title='bbox 1253 3239 1324 3281; x_wconf 90' lang='lat' dir='ltr'>esse</span> <span class='ocrx_word' id='word_1_145' title='bbox 1336 3240 1416 3282; x_wconf 90' lang='lat' dir='ltr'>eon-</span> 
     </span>
     <span class='ocr_line' id='line_1_22' title="bbox 458 3313 1417 3402; baseline 0.007 -25"><span class='ocrx_word' id='word_1_146' title='bbox 458 3317 608 3398; x_wconf 79' lang='lat' dir='ltr'>gratulor,</span> <span class='ocrx_word' id='word_1_147' title='bbox 624 3313 778 3396; x_wconf 85' lang='lat' dir='ltr'>gaudcns‚</span> <span class='ocrx_word' id='word_1_148' title='bbox 795 3314 881 3397; x_wconf 88' lang='lat' dir='ltr'>quod</span> <span class='ocrx_word' id='word_1_149' title='bbox 903 3328 1016 3399; x_wconf 86' lang='lat' dir='ltr'>praeter</span> <span class='ocrx_word' id='word_1_150' title='bbox 1035 3320 1222 3402; x_wconf 90' lang='lat' dir='ltr'>opinionem</span> <span class='ocrx_word' id='word_1_151' title='bbox 1242 3320 1417 3384; x_wconf 89' lang='lat' dir='ltr'>multorum</span> 
     </span>
     <span class='ocr_line' id='line_1_23' title="bbox 458 3416 1414 3505; baseline 0.007 -25"><span class='ocrx_word' id='word_1_152' title='bbox 458 3427 491 3480; x_wconf 86' lang='lat' dir='ltr'>ct</span> <span class='ocrx_word' id='word_1_153' title='bbox 501 3417 565 3479; x_wconf 88' lang='lat' dir='ltr'>sere</span> <span class='ocrx_word' id='word_1_154' title='bbox 577 3416 731 3494; x_wconf 88' lang='lat' dir='ltr'>omnium,</span> <span class='ocrx_word' id='word_1_155' title='bbox 740 3437 804 3480; x_wconf 92' lang='lat' dir='ltr'>nou</span> <span class='ocrx_word' id='word_1_156' title='bbox 816 3417 891 3480; x_wconf 91' lang='lat' dir='ltr'>dieo</span> <span class='ocrx_word' id='word_1_157' title='bbox 903 3420 1055 3483; x_wconf 88' lang='lat' dir='ltr'>secularis</span> <span class='ocrx_word' id='word_1_158' title='bbox 1067 3420 1262 3485; x_wconf 90' lang='lat' dir='ltr'>adminiculo</span> <span class='ocrx_word' id='word_1_159' title='bbox 1270 3422 1414 3505; x_wconf 91' lang='lat' dir='ltr'>philoso-</span> 
     </span>
     <span class='ocr_line' id='line_1_24' title="bbox 459 3516 1415 3603; baseline 0.008 -23"><span class='ocrx_word' id='word_1_160' title='bbox 459 3518 555 3603; x_wconf 83' lang='lat' dir='ltr'>phiae,</span> <span class='ocrx_word' id='word_1_161' title='bbox 577 3516 633 3580; x_wconf 85' lang='lat' dir='ltr'>sed</span> <span class='ocrx_word' id='word_1_162' title='bbox 656 3517 798 3598; x_wconf 85' lang='lat' dir='ltr'>igniculo</span> <span class='ocrx_word' id='word_1_163' title='bbox 822 3519 961 3602; x_wconf 88' lang='lat' dir='ltr'>Spiritus</span> <span class='ocrx_word' id='word_1_164' title='bbox 984 3520 1104 3598; x_wconf 85' lang='lat' dir='ltr'>Sancti,</span> <span class='ocrx_word' id='word_1_165' title='bbox 1126 3534 1219 3586; x_wconf 91' lang='lat' dir='ltr'>tuum</span> <span class='ocrx_word' id='word_1_166' title='bbox 1242 3523 1281 3587; x_wconf 88' lang='lat' dir='ltr'>ad</span> <span class='ocrx_word' id='word_1_167' title='bbox 1304 3545 1415 3588; x_wconf 87' lang='lat' dir='ltr'>veram</span> 
     </span>
     <span class='ocr_line' id='line_1_25' title="bbox 458 3619 1417 3705; baseline 0.004 -21"><span class='ocrx_word' id='word_1_168' title='bbox 458 3619 647 3703; x_wconf 86' lang='lat' dir='ltr'>sapientiam</span> <span class='ocrx_word' id='word_1_169' title='bbox 663 3619 803 3682; x_wconf 88' lang='lat' dir='ltr'>animum</span> <span class='ocrx_word' id='word_1_170' title='bbox 819 3620 1027 3684; x_wconf 88' lang='lat' dir='ltr'>accendentis</span> <span class='ocrx_word' id='word_1_171' title='bbox 1049 3623 1166 3705; x_wconf 87' lang='lat' dir='ltr'>pariter</span> <span class='ocrx_word' id='word_1_172' title='bbox 1180 3636 1212 3687; x_wconf 89' lang='lat' dir='ltr'>et</span> <span class='ocrx_word' id='word_1_173' title='bbox 1226 3626 1417 3689; x_wconf 85' lang='lat' dir='ltr'>illustrantis</span> 
     </span>
     <span class='ocr_line' id='line_1_26' title="bbox 460 3723 1417 3806; baseline 0.005 -21"><span class='ocrx_word' id='word_1_174' title='bbox 460 3742 591 3785; x_wconf 85' lang='lat' dir='ltr'>exerces</span> <span class='ocrx_word' id='word_1_175' title='bbox 606 3743 703 3806; x_wconf 87' lang='lat' dir='ltr'>opera</span> <span class='ocrx_word' id='word_1_176' title='bbox 721 3723 860 3804; x_wconf 87' lang='lat' dir='ltr'>pietatis.</span> <span class='ocrx_word' id='word_1_177' title='bbox 899 3724 954 3801; x_wconf 91' lang='lat' dir='ltr'>Et,</span> <span class='ocrx_word' id='word_1_178' title='bbox 970 3724 1054 3786; x_wconf 88' lang='lat' dir='ltr'>sicut</span> <span class='ocrx_word' id='word_1_179' title='bbox 1073 3747 1113 3788; x_wconf 84' lang='lat' dir='ltr'>ex</span> <span class='ocrx_word' id='word_1_180' title='bbox 1135 3727 1288 3789; x_wconf 83' lang='lat' dir='ltr'>relatione</span> <span class='ocrx_word' id='word_1_181' title='bbox 1302 3728 1417 3790; x_wconf 90' lang='lat' dir='ltr'>latoris</span> 
     </span>
     <span class='ocr_line' id='line_1_27' title="bbox 459 3821 1415 3910; baseline 0.005 -26"><span class='ocrx_word' id='word_1_182' title='bbox 459 3823 664 3905; x_wconf 87' lang='lat' dir='ltr'>praeseutium</span> <span class='ocrx_word' id='word_1_183' title='bbox 680 3821 789 3899; x_wconf 91' lang='lat' dir='ltr'>didici,</span> <span class='ocrx_word' id='word_1_184' title='bbox 803 3823 886 3886; x_wconf 92' lang='lat' dir='ltr'>inter</span> <span class='ocrx_word' id='word_1_185' title='bbox 902 3824 1042 3886; x_wconf 86' lang='lat' dir='ltr'>caritatis</span> <span class='ocrx_word' id='word_1_186' title='bbox 1059 3825 1296 3910; x_wconf 85' lang='lat' dir='ltr'>impugnatores</span> <span class='ocrx_word' id='word_1_187' title='bbox 1310 3823 1415 3908; x_wconf 90' lang='lat' dir='ltr'>(quod</span> 
     </span>
     <span class='ocr_line' id='line_1_28' title="bbox 460 3922 1414 4008; baseline 0.005 -23"><span class='ocrx_word' id='word_1_188' title='bbox 460 3945 567 3985; x_wconf 84' lang='lat' dir='ltr'>rerum</span> <span class='ocrx_word' id='word_1_189' title='bbox 580 3922 673 3986; x_wconf 89' lang='lat' dir='ltr'>decet</span> <span class='ocrx_word' id='word_1_190' title='bbox 679 3923 905 4002; x_wconf 86' lang='lat' dir='ltr'>Christianum)</span> <span class='ocrx_word' id='word_1_191' title='bbox 919 3924 1211 4008; x_wconf 85' lang='lat' dir='ltr'>fratemitatis‚quae</span> <span class='ocrx_word' id='word_1_192' title='bbox 1223 3927 1256 3988; x_wconf 89' lang='lat' dir='ltr'>in</span> <span class='ocrx_word' id='word_1_193' title='bbox 1268 3925 1414 3990; x_wconf 93' lang='lat' dir='ltr'>Domino</span> 
     </span>
     <span class='ocr_line' id='line_1_29' title="bbox 460 4025 1414 4102; baseline 0.003 -14"><span class='ocrx_word' id='word_1_194' title='bbox 460 4034 519 4102; x_wconf 91' lang='lat' dir='ltr'>cst,</span> <span class='ocrx_word' id='word_1_195' title='bbox 535 4046 630 4087; x_wconf 88' lang='lat' dir='ltr'>ansus</span> <span class='ocrx_word' id='word_1_196' title='bbox 645 4046 680 4087; x_wconf 89' lang='lat' dir='ltr'>es</span> <span class='ocrx_word' id='word_1_197' title='bbox 702 4026 876 4088; x_wconf 90' lang='lat' dir='ltr'>reminisci.</span> <span class='ocrx_word' id='word_1_198' title='bbox 921 4025 986 4089; x_wconf 85' lang='lat' dir='ltr'>Sed</span> <span class='ocrx_word' id='word_1_199' title='bbox 1009 4026 1095 4090; x_wconf 87' lang='lat' dir='ltr'>uude</span> <span class='ocrx_word' id='word_1_200' title='bbox 1109 4028 1173 4091; x_wconf 92' lang='lat' dir='ltr'>hoc</span> <span class='ocrx_word' id='word_1_201' title='bbox 1197 4028 1265 4102; x_wconf 89' lang='lat' dir='ltr'>tibi,</span> <span class='ocrx_word' id='word_1_202' title='bbox 1289 4027 1331 4089; x_wconf 93' lang='lat' dir='ltr'>mi</span> <span class='ocrx_word' id='word_1_203' title='bbox 1347 4028 1414 4091; x_wconf 84' lang='lat' dir='ltr'>Ra-</span> 
     </span>
     <span class='ocr_line' id='line_1_30' title="bbox 460 4126 1414 4210; baseline 0.004 -21"><span class='ocrx_word' id='word_1_204' title='bbox 460 4127 590 4210; x_wconf 90' lang='lat' dir='ltr'>dulphe,</span> <span class='ocrx_word' id='word_1_205' title='bbox 602 4126 777 4208; x_wconf 80' lang='lat' dir='ltr'>pracsertim</span> <span class='ocrx_word' id='word_1_206' title='bbox 788 4129 957 4210; x_wconf 86' lang='lat' dir='ltr'>quum‚qui</span> <span class='ocrx_word' id='word_1_207' title='bbox 971 4130 1129 4192; x_wconf 84' lang='lat' dir='ltr'>columnae</span> <span class='ocrx_word' id='word_1_208' title='bbox 1142 4128 1331 4193; x_wconf 81' lang='lat' dir='ltr'>videbantur</span> <span class='ocrx_word' id='word_1_209' title='bbox 1342 4151 1414 4193; x_wconf 86' lang='lat' dir='ltr'>esse</span> 
     </span>
     <span class='ocr_line' id='line_1_31' title="bbox 460 4226 1414 4315; baseline 0.004 -25"><span class='ocrx_word' id='word_1_210' title='bbox 460 4228 630 4305; x_wconf 86' lang='lat' dir='ltr'>Ecclesiae,</span> <span class='ocrx_word' id='word_1_211' title='bbox 651 4226 825 4309; x_wconf 86' lang='lat' dir='ltr'>trepident:</span> <span class='ocrx_word' id='word_1_212' title='bbox 860 4239 892 4290; x_wconf 89' lang='lat' dir='ltr'>et</span> <span class='ocrx_word' id='word_1_213' title='bbox 912 4229 1057 4309; x_wconf 83' lang='lat' dir='ltr'>gigantes</span> <span class='ocrx_word' id='word_1_214' title='bbox 1077 4231 1134 4314; x_wconf 96' lang='lat' dir='ltr'>qui</span> <span class='ocrx_word' id='word_1_215' title='bbox 1154 4232 1262 4293; x_wconf 87' lang='lat' dir='ltr'>orbem</span> <span class='ocrx_word' id='word_1_216' title='bbox 1286 4241 1414 4315; x_wconf 89' lang='lat' dir='ltr'>portare</span> 
     </span>
     <span class='ocr_line' id='line_1_32' title="bbox 460 4325 1416 4416; baseline -0.001 -21"><span class='ocrx_word' id='word_1_217' title='bbox 460 4333 648 4408; x_wconf 87' lang='lat' dir='ltr'>debuerant,</span> <span class='ocrx_word' id='word_1_218' title='bbox 674 4325 798 4392; x_wconf 85' lang='lat' dir='ltr'>facilius</span> <span class='ocrx_word' id='word_1_219' title='bbox 827 4329 1036 4395; x_wconf 87' lang='lat' dir='ltr'>inundatione</span> <span class='ocrx_word' id='word_1_220' title='bbox 1066 4352 1220 4416; x_wconf 83' lang='lat' dir='ltr'>aquarum</span> <span class='ocrx_word' id='word_1_221' title='bbox 1251 4334 1416 4414; x_wconf 89' lang='lat' dir='ltr'>submergi</span> 
     </span>
     <span class='ocr_line' id='line_1_33' title="bbox 458 4432 1416 4521; baseline 0 -23"><span class='ocrx_word' id='word_1_222' title='bbox 458 4436 678 4521; x_wconf 76' lang='lat' dir='ltr'>acquiescant,</span> <span class='ocrx_word' id='word_1_223' title='bbox 691 4454 785 4516; x_wconf 86' lang='lat' dir='ltr'>quam</span> <span class='ocrx_word' id='word_1_224' title='bbox 799 4432 947 4514; x_wconf 88' lang='lat' dir='ltr'>gemere?</span> <span class='ocrx_word' id='word_1_225' title='bbox 971 4436 1138 4499; x_wconf 83' lang='lat' dir='ltr'>Mandavit</span> <span class='ocrx_word' id='word_1_226' title='bbox 1151 4435 1311 4498; x_wconf 89' lang='lat' dir='ltr'>Dominus</span> <span class='ocrx_word' id='word_1_227' title='bbox 1321 4436 1416 4498; x_wconf 93' lang='lat' dir='ltr'>nubi·</span> 
     </span>
    </p>
   </div>
   <div class='ocr_carea' id='block_1_6' title="bbox 0 0 1700 5525">
    <p class='ocr_par' dir='ltr' id='par_1_6' title="bbox 0 0 1700 5525">
     <span class='ocr_line' id='line_1_34' title="bbox 0 0 1700 5525; baseline 0 0"><span class='ocrx_word' id='word_1_228' title='bbox 0 0 1700 5525; x_wconf 95' lang='lat' dir='ltr'> </span> 
     </span>
    </p>
   </div>
  </div>
 </body>
</html>
