3384 5525
361 776 400 833 44
610 783 746 829 ioannis
762 781 1048 826 sauusanumnsns
1218 762 1262 841 [A.
1282 781 1309 825 n.

364 950 449 1019 sunt,
464 939 676 1002 debueramus
692 947 722 999 et
736 957 796 997 uos
816 955 887 998 esse
904 933 943 997 de
960 934 1156 997 coutentium
1181 934 1312 1016 populo.

365 1042 401 1106 Si
420 1049 540 1124 patrem
560 1036 765 1121 profitemini,
780 1035 836 1098 ubi
858 1045 906 1097 est
927 1055 1015 1097 amor
1035 1032 1125 1117 ejus?
1149 1035 1177 1097 si
1200 1033 1312 1097 Domi·

364 1164 441 1205 num
455 1140 633 1223 recepistis
648 1139 763 1202 debitae
779 1138 990 1200 venerationis
1011 1159 1074 1221 quo
1089 1138 1250 1221 profectus
1266 1146 1315 1199 est

364 1242 480 1307 timor?
505 1243 602 1305 sivos
622 1242 733 1304 fratres
752 1240 891 1303 asseritis
914 1252 946 1304 et
966 1241 1088 1303 amicos
1108 1239 1312 1323 peregrinan-

364 1347 455 1422 tium,
466 1366 521 1408 cur
535 1353 662 1406 cessant
675 1342 880 1405 humanitatis
895 1342 1011 1412 officia,
1023 1356 1056 1403 et
1067 1341 1186 1404 debitae
1203 1339 1315 1403 solatia

366 1443 527 1511 caritatis?
561 1445 618 1508 sed
641 1445 774 1507 fortasse
804 1465 867 1526 quo
897 1444 1016 1524 gratius
1045 1442 1127 1526 patri
1158 1442 1315 1523 proestetis

367 1547 568 1631 obsequium,
597 1545 777 1629 expectatis
807 1553 842 1607 ut
865 1545 1004 1629 amplius
1034 1556 1137 1625 egeat.
1184 1544 1315 1606 Interim

367 1649 498 1733 picturis
511 1647 662 1711 inanibus
677 1646 831 1729 imperitae
853 1643 1066 1709 multitudinis
1081 1646 1191 1709 oculos
1208 1646 1316 1708 oblec-

367 1761 470 1817 tantes
494 1752 552 1815 rati
577 1751 756 1833 impensum
787 1749 825 1811 iri
855 1749 996 1831 publicis
1026 1750 1135 1811 usibus
1166 1747 1253 1832 quod
1283 1749 1316 1810 iu

367 1853 562 1937 spectaculis
572 1862 604 1915 et
613 1851 807 1914 curiosorum
822 1851 992 1915 lenociniis
1004 1853 1167 1914 oculorum
1179 1851 1318 1934 ineptius

367 1966 521 2042 erogatur.
566 1951 713 2014 Profecto

474 2059 537 2113 Nou
547 2058 596 2111 hoe
607 2059 658 2110 ista
670 2058 720 2109 eibi
731 2063 833 2129 tempus
844 2059 990 2129 spectacula
1001 2061 1092 2130 poscit.

371 2166 522 2248 illudque
535 2165 707 2247 satyricum
724 2164 847 2228 videtur
858 2166 891 2227 in
905 2188 971 2243 vos,
982 2168 1077 2230 “scio
1093 2167 1145 2230 cui
1158 2168 1319 2249 atquibus

370 2266 510 2351 loquar‚’‘
525 2265 731 2349 probabiliter
746 2267 1006 2355 retorquendum,

476 2389 538 2442 Nou
550 2389 631 2441 habet
641 2385 733 2440 infelix
746 2388 869 2441 Numitor
880 2390 942 2458 quid
954 2391 1040 2443 mittat
1053 2392 1144 2454 amico,

476 2474 613 2539 Quintillae
625 2474 687 2544 quid
699 2473 778 2527 donet
788 2473 878 2537 habet,
890 2492 938 2527 uec
950 2473 1033 2527 defuit
1044 2474 1083 2527 illi

477 2561 555 2613 Unde
568 2565 665 2613 emeret
677 2560 759 2613 multa
768 2561 925 2632 pascendum
937 2578 1013 2614 carne
1024 2561 1134 2614 leonem.

374 2680 445 2741 Nec
468 2676 529 2739 hoc
552 2675 687 2738 dixerim
707 2674 794 2758 quod
809 2676 939 2738 verbum
955 2676 1017 2739 hoc
1033 2677 1066 2738 in
1083 2698 1194 2739 omnes
1215 2678 1319 2754 cadat,

373 2781 429 2845 sed
451 2780 486 2842 iu
508 2800 564 2841 eos
587 2798 670 2860 quos
692 2777 909 2841 indubitanter
930 2778 1042 2853 nostis,
1060 2780 1134 2862 quia
1149 2789 1321 2861 potuerunt

373 2903 439 2944 non
477 2877 654 2959 transgredi
684 2888 716 2940 ct
749 2879 936 2959 transgressi
969 2890 1059 2942 suut:
1091 2882 1177 2942 bona
1205 2880 1321 2957 facere,

373 3004 434 3046 nec
456 2982 610 3045 fecerunt.
657 2979 755 3041 Novit
777 2979 941 3062 inspector
963 2979 1118 3058 cordium,
1143 2981 1220 3064 quia
1240 2980 1320 3043 mibi

374 3084 499 3147 tristitia
514 3090 573 3156 est,
586 3092 618 3144 et
633 3080 724 3142 dolor
738 3083 908 3143 continuus
924 3082 1014 3144 cordi
1030 3104 1112 3158 meo,
1128 3082 1213 3166 quod
1229 3083 1322 3146 uobis

374 3181 604 3245 dormientibus
627 3182 660 3242 iu
683 3180 828 3262 periculo
852 3181 933 3254 vitae,
957 3183 1016 3244 soli
1043 3183 1138 3246 alieni
1161 3184 1323 3265 naufragio

375 3288 484 3346 nostro
513 3282 618 3343 ferunt
647 3301 752 3363 opem·
802 3281 929 3343 Dicitur
955 3293 1061 3346 tamen
1092 3285 1133 3347 ad
1160 3287 1323 3348 cumulum

376 3382 496 3446 doloris
519 3382 594 3454 mei,
619 3380 706 3463 quod
732 3382 817 3444 circa
839 3404 939 3445 uuum
963 3385 995 3446 in
1021 3397 1109 3448 tanta
1133 3386 1324 3449 necessitate

376 3484 458 3568 patri
484 3482 677 3566 praestitistis
703 3484 902 3567 obsequium,
927 3485 1111 3568 diligentem
1138 3487 1321 3550 adhibendo

376 3584 554 3650 custodiam
576 3605 617 3647 ue
647 3606 841 3669 quocunque
871 3607 949 3649 casu
976 3588 1144 3651 evaderet:
1181 3589 1256 3672 quia
1283 3588 1324 3651 dc

376 3707 474 3750 mauu
494 3685 678 3748 camificum
698 3689 826 3769 elapsus
846 3691 1070 3767 convolaverat
1085 3690 1125 3752 ad
1145 3702 1324 3753 nostrorum

377 3786 526 3871 praesidia
540 3795 754 3869 patronorum.
798 3788 864 3852 Sed
879 3790 1024 3853 timorem
1040 3791 1244 3874 praetenditis.
1282 3793 1325 3854 At

375 3886 518 3968 profecto
539 3884 629 3948 Deus
643 3907 709 3948 uon
728 3886 886 3963 irridetur,
903 3887 959 3951 sed
979 3889 1096 3952 timetis
1116 3911 1188 3952 eum
1210 3891 1264 3954 cui
1285 3890 1326 3952 ad

377 3996 571 4051 momentum
584 3987 705 4051 credita
716 3998 765 4051 est
775 3988 974 4071 dispensatio
986 4003 1121 4074 peccata
1132 3993 1326 4076 corripiendi

376 4090 411 4151 in
431 4087 628 4169 corporibus,
644 4110 739 4172 quare
762 4112 828 4153 nou
851 4093 1025 4174 pertimetis
1048 4115 1121 4156 eum
1145 4095 1200 4177 qui
1222 4104 1328 4179 potest

378 4210 494 4274 corpus
510 4198 541 4252 et
556 4190 695 4254 animam
717 4193 842 4256 mittere
857 4193 890 4255 in
905 4195 1109 4277 gehennam?
1148 4196 1325 4280 Expergis-

376 4292 486 4358 cimini
518 4292 626 4374 igitur,
654 4301 686 4354 et
719 4296 923 4358 memineritis
953 4297 1065 4361 Abdiae
1101 4296 1328 4381 dispensatoris

375 4397 500 4473 Achab,
517 4393 571 4478 qni
592 4406 718 4460 centurn
740 4398 911 4479 propbetas
932 4400 964 4462 in
985 4401 1146 4482 specubus
1167 4399 1328 4464 latitantes
