3384 5525
378 798 440 855 ’216
645 808 783 852 somnus
799 808 1080 853 sanusnnmnnms
1235 798 1282 871 [A.
1302 815 1330 857 o.

377 959 556 1024 divinorum
571 957 781 1022 reverentiam
803 957 1037 1024 mandatorum.
1086 960 1152 1024 Sed
1172 984 1226 1026 vas
1249 962 1332 1027 elec·

379 1062 473 1126 tionis
489 1062 584 1125 fidem
609 1060 800 1124 fiducialiter
820 1059 975 1146 eloquens
991 1072 1012 1103 “
1025 1064 1111 1127 Aut”
1126 1064 1233 1150 inquit
1249 1076 1270 1106 “
1281 1089 1332 1130 me

378 1164 510 1240 delebis,
526 1175 581 1226 aut
602 1163 671 1225 haec
696 1162 767 1226 Deo
789 1161 920 1225 inimica
936 1165 1145 1250 praesumptio
1167 1177 1223 1230 tua
1245 1167 1331 1232 dele-

376 1267 479 1330 bitur:
517 1265 593 1352 quia
617 1264 676 1328 tibi
706 1263 783 1327 talia
812 1263 957 1328 molienti
987 1277 1020 1329 et
1049 1266 1095 1329 illi
1121 1268 1239 1332 servire
1267 1292 1327 1333 non

378 1373 535 1455 possum.”
581 1367 678 1431 Unde
695 1378 776 1430 nutu
792 1366 918 1430 favente
933 1368 1041 1432 divino
1061 1370 1204 1455 contigit,
1221 1383 1257 1435 nt
1276 1373 1330 1458 qui

377 1495 410 1536 se
428 1494 487 1557 pro
504 1470 623 1534 honore
645 1469 709 1533 Dei
732 1469 932 1555 contempsit,
956 1469 1084 1555 plenam
1107 1486 1141 1535 et
1162 1472 1330 1555 gloriosam

376 1573 534 1659 acceperit
548 1596 568 1637 a
584 1572 724 1635 Domino
739 1583 939 1656 potestatem,
955 1594 1018 1658 qua
1037 1586 1201 1639 conterere
1217 1578 1332 1660 poterit

377 1676 570 1742 adversarios
585 1698 666 1741 suos.
713 1675 855 1738 Attende
879 1696 987 1761 quaeso
1010 1677 1170 1762 quomodo
1193 1678 1330 1765 episcopi

376 1794 410 1845 et
434 1779 488 1845 alii
518 1779 573 1866 qui
598 1801 670 1843 eum
694 1777 927 1863 impugnabant
956 1777 1126 1843 deficiunt:
1163 1791 1197 1844 et
1218 1782 1332 1866 persis·

375 1893 446 1946 tens
468 1882 500 1943 in
524 1879 671 1966 eoquod
689 1877 818 1943 tandem
843 1878 976 1963 caepisti,
992 1891 1140 1943 converte
1163 1892 1197 1945 et
1220 1882 1332 1946 robora

375 1984 487 2047 fratres
499 1995 579 2048 tuos.
626 1982 751 2046 Exhibe
768 1994 799 2045 te
816 1981 896 2066 patri
917 1982 1029 2059 filium,
1045 1982 1198 2068 quoniam
1213 1984 1246 2046 in
1263 1984 1330 2068 ejus

376 2086 523 2151 manibus
538 2102 609 2171 post
621 2085 729 2149 Deum
742 2096 775 2148 et
787 2107 843 2170 per
857 2084 963 2148 Deum
979 2085 1063 2149 salus
1074 2085 1219 2149 ecclesiae
1231 2086 1331 2171 posita

375 2202 432 2254 est.
464 2195 534 2255 Nec
549 2188 675 2252 differas
691 2188 879 2252 benefacere
895 2210 995 2274 quum
1007 2187 1114 2272 possis,
1125 2187 1182 2251 sed
1198 2188 1224 2251 si
1240 2188 1331 2252 aliter

377 2292 460 2356 salus
482 2313 592 2355 eorum
609 2290 751 2375 expediri
767 2311 829 2353 non
854 2300 967 2374 potest,
991 2288 1140 2353 fratribus
1155 2301 1331 2377 utcumque

374 2394 524 2457 subtrahe
539 2393 659 2479 aliquid
676 2391 793 2476 ignaris
808 2403 864 2455 aut
879 2391 1003 2455 invitis:
1026 2392 1110 2456 unde
1127 2392 1329 2457 incolumitas

375 2508 408 2559 et
422 2495 614 2560 indemnitas
630 2516 739 2559 eorum
757 2495 789 2557 in
805 2494 858 2558 die
881 2493 1082 2558 obductionis
1097 2494 1202 2559 valeat
1218 2517 1329 2580 procu·

375 2598 447 2661 rari.
493 2604 554 2673 Tu,
584 2598 655 2661 Deo
680 2610 820 2677 auctore,
847 2596 880 2660 in
908 2608 1001 2682 portu
1028 2597 1167 2681 navigas,
1193 2596 1271 2683 quid
1297 2610 1328 2662 te

374 2714 519 2790 oporteat
533 2724 626 2788 agere
642 2702 845 2788 perlatorem
863 2701 1067 2788 praesentium
1083 2702 1259 2769 auditurus.

451 3065 671 3130 urrs'rOLn
697 3067 933 3132 ccxci-m
947 3084 1101 3128 taanenu
1120 3084 1247 3130 nre'rnv.

615 3186 811 3230 aruscornru.
861 3167 905 3246 [n.
923 3186 954 3229 n.
974 3167 1080 3246 nea]

585 3351 711 3413 Joonoi
725 3351 926 3413 Pietaoieoar'
941 3351 1108 3433 Episcopo.

416 3500 570 3575 Gaunnn,
580 3496 605 3560 si
617 3508 725 3560 tamen
738 3496 832 3560 famae
844 3498 1011 3584 praeconiis
1020 3499 1100 3564 fides
1111 3510 1159 3563 est
1169 3499 1328 3578 habenda,

370 3601 455 3687 quod
478 3621 534 3663 vos
556 3621 612 3663 rex
637 3598 763 3683 Angliae
785 3621 804 3663 a
826 3601 1045 3686 praedestinati
1067 3601 1190 3666 itineris
1215 3601 1326 3667 limine

368 3702 536 3779 revocavit,
560 3714 596 3767 ut
622 3725 801 3787 processum
829 3716 863 3768 et
888 3704 1010 3768 exitum
1037 3704 1157 3788 negotii
1183 3703 1328 3787 videatis,

369 3806 539 3893 quodcum
557 3804 791 3884 Cautuariensi,
808 3807 908 3870 immo
923 3820 1034 3871 contra
1048 3806 1216 3871 ecclesiam
1233 3808 1327 3890 gerit.

369 3910 412 3973 Et
435 3908 557 3973 utinam
585 3921 688 3973 vestro
711 3922 743 3973 et
763 3910 942 3996 sapientum
965 3909 1096 4001 consilio
1119 3909 1326 3995 adquiescat!

368 4013 411 4076 Et
426 4011 556 4098 quidem
573 4011 598 4074 si
614 4012 797 4092 Gratianus,
808 4022 845 4075 ut
856 4013 924 4097 jam
940 4012 1058 4076 dicitur
1068 4011 1236 4097 incepisse,
1252 4011 1328 4076 riri-

366 4116 439 4180 liter
449 4114 560 4198 egerit,
569 4114 699 4177 tandem
709 4114 894 4201 adquiescet
905 4138 981 4179 sano
993 4113 1124 4178 consilio
1138 4113 1188 4177 vel
1198 4113 1328 4179 invitus.

368 4220 426 4284 Est
447 4231 555 4283 tamen
571 4239 643 4302 spes
658 4217 842 4296 multorum,
859 4218 946 4304 quod
968 4218 1052 4281 filius
1068 4216 1192 4301 gratiae,
1209 4216 1262 4280 cui
1285 4239 1326 4281 ex

365 4346 399 4387 ra
422 4343 538 4386 nomen
561 4331 619 4396 est,
642 4332 675 4383 et
697 4321 782 4385 beati
802 4321 942 4405 Eugenii
965 4343 1063 4406 nepos
1086 4331 1172 4384 recte
1195 4319 1327 4384 incedet

363 4426 403 4490 ad
414 4426 578 4489 veritatem
589 4424 746 4508 evangelii
758 4435 791 4488 et
800 4424 981 4510 apostolicae
992 4421 1167 4507 majestatis
1178 4421 1328 4506 gloriam,
