3384 5525
373 758 436 815 232
629 774 764 817 roauurs
781 775 1059 819 saansaaruausrs
1234 760 1279 839 [n.
1299 782 1326 824 u.

377 920 534 984 hominem
551 924 724 999 scientiam,
741 938 772 987 et
788 924 1005 989 absconditam
1017 929 1135 991 revelat
1153 927 1327 1009 veritatem,

376 1035 464 1086 uteo
487 1024 619 1088 docente
640 1026 698 1089 sibi
723 1025 848 1090 fidelius
870 1040 901 1091 et
925 1026 1112 1093 familiarius
1134 1029 1324 1094 innotescat:

375 1138 406 1187 et
430 1139 465 1188 ut
488 1127 626 1189 arbitror
647 1127 740 1212 plane
770 1140 801 1191 et
831 1128 923 1213 plene
946 1128 1162 1215 deprehendet
1184 1131 1264 1215 quid
1287 1133 1326 1196 ab

375 1249 506 1291 accensa
528 1229 578 1290 vel
601 1227 736 1310 incensa,
757 1229 834 1314 quid
857 1230 998 1315 atepida
1021 1231 1068 1293 vel
1093 1231 1232 1307 remissa,
1249 1233 1324 1318 quid

375 1328 416 1392 ab
431 1330 572 1393 extincta
588 1330 638 1392 vel
653 1330 766 1416 fugata
781 1344 812 1395 et
829 1330 956 1416 perdita
971 1331 1030 1395 sibi
1052 1332 1234 1416 provenerit
1251 1337 1325 1397 cari·

376 1442 451 1494 tate.
508 1431 605 1494 Absit
633 1444 735 1494 tamen
761 1444 796 1494 ut
822 1454 879 1517 per
901 1432 1129 1516 blasphemiam
1154 1447 1210 1497 ant
1231 1434 1326 1498 obsti-

375 1532 533 1595 nationem
550 1545 605 1595 aut
622 1531 874 1618 desperationem
896 1545 953 1596 ant
967 1533 1233 1619 impoenitentianr
1255 1559 1323 1621 pec·

374 1646 481 1698 catum
507 1633 726 1698 inremissibile
751 1634 942 1698 commiserit
964 1636 1037 1719 quis
1067 1638 1099 1698 in
1126 1635 1228 1716 vobis,
1253 1638 1327 1723 quia

375 1737 448 1801 licet
468 1740 499 1799 in
517 1738 611 1800 ramis
633 1736 799 1801 debilitata
822 1751 853 1802 et
870 1738 1031 1801 confracta
1054 1738 1094 1801 sit
1116 1739 1242 1813 caritas,
1258 1761 1327 1823 spes

376 1854 480 1902 tamea
497 1837 647 1922 estquod
675 1851 800 1903 maneat
828 1838 859 1902 in
884 1838 1000 1916 radice,
1023 1855 1055 1902 et
1075 1838 1178 1921 rigata
1201 1851 1232 1902 et
1256 1862 1324 1926 per·

373 1940 444 2003 fusa
456 1938 709 2024 coelestisgratiae
718 1938 875 2001 imbribus
885 1937 981 2024 possit
990 1937 1189 2018 revirescere,
1200 1951 1232 2003 et
1243 1961 1324 2004 vera

371 2042 595 2126 compassionis
611 2054 641 2105 et
653 2040 790 2125 justitias
808 2039 911 2102 sacerc
923 2040 1057 2119 fructus,
1073 2039 1098 2101 si
1114 2062 1168 2102 cor
1184 2040 1323 2126 posuerit

372 2144 477 2208 anima
492 2167 587 2229 super
602 2145 671 2207 vias
687 2166 769 2219 suas,
786 2143 809 2205 si
827 2141 1024 2228 paenituerit,
1042 2144 1066 2205 si
1083 2142 1209 2228 culpam
1226 2143 1322 2207 fatea-

372 2261 436 2322 tur,
453 2246 477 2308 si
492 2268 551 2331 pro
566 2244 718 2308 facultate
735 2244 957 2308 satisfaciendo
979 2244 1114 2308 redimat
1135 2244 1224 2330 quod
1240 2267 1324 2307 corn·

371 2347 467 2409 misit.
513 2346 576 2410 Sed
599 2346 733 2410 fortasse
755 2344 886 2408 dicetis:
919 2348 970 2409 Tu
1002 2343 1075 2429 quis
1104 2367 1137 2407 es
1164 2356 1220 2408 aut
1250 2368 1323 2431 quae

346 2464 348 2467 ’
371 2461 418 2511 est
433 2448 547 2510 domus
572 2447 671 2532 patris
698 2445 744 2510 tui
771 2446 802 2508 in
831 2445 942 2521 Israel,
966 2458 1002 2510 ut
1026 2443 1188 2529 religiosos
1208 2469 1323 2531 arguas
1352 2463 1356 2470 ’

324 2580 327 2586 ·
371 2549 466 2625 viros,
490 2548 664 2635 praesertim
695 2551 726 2611 in
756 2547 956 2611 ecclesiarum
989 2546 1165 2611 Britanniae
1194 2547 1322 2611 cardine

370 2648 578 2714 constitutos?
602 2651 739 2711 Autnos
750 2647 827 2733 quid
839 2647 1149 2711 commisimusuade
1160 2647 1322 2712 caritatem

370 2751 485 2839 probes
511 2749 681 2814 extinctam
710 2761 766 2813 aut
795 2748 981 2813 remissam?
1012 2750 1086 2835 Ego
1111 2748 1242 2835 quidem
1264 2774 1321 2836 pro

369 2878 420 2919 me
455 2851 629 2939 respondeo
662 2851 749 2937 quod
777 2852 926 2937 praemisi,
961 2852 1039 2938 quia
1071 2851 1321 2937 proscriptorum

369 2956 489 3021 Christi
506 2956 656 3018 minimus
676 2977 757 3030 sum,
778 2967 822 3029 ct,
838 2953 926 3038 quod
941 2976 980 3016 ex
993 2952 1182 3017 conscientia
1198 2952 1320 3039 loquor,

368 3082 461 3145 quem
480 3058 567 3121 zelus
582 3057 696 3120 domus
713 3056 787 3134 Dei,
799 3068 835 3118 ut
851 3055 982 3119 alterius
998 3077 1123 3140 parcam
1136 3054 1261 3140 judicio
1272 3056 1319 3118 vel

367 3161 476 3234 errori,
487 3162 553 3245 jam
572 3159 672 3224 multo
688 3172 829 3244 tempore
844 3157 919 3221 lecit
940 3157 1069 3220 exulare
1085 3157 1317 3243 proscriptum:

366 3274 399 3325 et
429 3262 497 3346 qui,
523 3274 560 3325 ut
590 3260 751 3346 propriam
780 3259 882 3323 fatear
916 3257 1142 3343 insipientiam,
1173 3258 1320 3322 scandala

367 3361 501 3425 fratrum
520 3361 652 3446 patienti
669 3360 773 3423 animo
789 3363 856 3423 sine
871 3359 1020 3446 scrupulo
1036 3381 1160 3444 nequeo
1176 3358 1319 3422 tolerare.

365 3469 416 3526 An
440 3482 500 3524 non
524 3460 597 3522 licet
620 3459 698 3521 mihi
721 3460 895 3543 prasertim
919 3459 1063 3544 apostolo
1091 3460 1225 3523 docente
1249 3482 1319 3544 pro·

365 3565 466 3650 priam
484 3561 638 3625 ustionem
657 3558 822 3644 deplorare
839 3561 870 3625 in
888 3561 1065 3626 scandalis?
1091 3563 1163 3624 Non
1181 3560 1252 3625 licet
1268 3585 1318 3624 co·

366 3673 556 3749 aegrotantes
578 3661 696 3746 quibus
712 3661 892 3725 coinfirmor
912 3663 1045 3727 invitare
1061 3676 1098 3726 ut
1115 3663 1234 3747 pariter
1249 3684 1318 3724 cur-

362 3788 471 3829 ramus
484 3765 524 3828 ad
538 3763 693 3826 medicum
703 3766 716 3825 Ρ
727 3763 875 3826 Profecto
884 3763 1014 3827 cuilibet
1027 3763 1185 3848 discipulo
1197 3762 1319 3828 Christi

364 3868 458 3931 etiam
483 3865 613 3928 minimo
629 3864 764 3928 liberum
788 3877 835 3928 est
851 3864 920 3950 ipso
942 3864 1117 3950 inspirante
1140 3863 1216 3927 dare
1232 3863 1317 3927 testi-

363 3967 501 4032 moninm
526 3966 670 4030 veritati:
696 3989 793 4050 quam
816 3967 964 4052 quisquis
993 3990 1032 4029 ex
1065 3970 1136 4030 Deo
1166 3978 1225 4044 est,
1254 3988 1316 4029 non

363 4069 459 4134 modo
481 4067 647 4153 patienter,
672 4067 726 4130 sed
750 4068 887 4131 libenter
910 4067 1009 4134 audit.
1058 4066 1180 4132 Audite
1195 4079 1315 4149 ergoet

361 4194 417 4234 vos
427 4169 531 4232 animo
542 4166 676 4252 patienti
687 4190 783 4252 quam
796 4192 856 4253 ego
869 4182 1012 4255 reputem
1029 4167 1155 4251 culpam
1168 4180 1314 4242 vestram,

363 4273 449 4359 quod
461 4269 661 4355 dispendium
671 4269 824 4334 caritatis:
838 4271 925 4355 quod
935 4291 1047 4354 quaeso
1060 4269 1114 4332 ubi
1122 4265 1316 4354 apparuerit,

362 4375 459 4443 nolite
486 4372 572 4437 vanis
603 4371 772 4435 verborum
796 4371 880 4438 foliis
906 4371 1109 4447 adumbrare,
1142 4368 1197 4432 sed
1221 4389 1315 4453 opere
