3384 5525
276 714 383 828 lm]
661 768 841 813 caterona.
1186 764 1227 820 to

271 927 357 980 retur
379 918 414 980 in
441 918 574 997 mundo,
600 920 784 983 obfuscetur
807 922 935 985 claritas
956 924 1097 988 nominis
1120 928 1225 990 vestri.

271 1018 355 1082 Haec
371 1019 459 1083 enim
475 1030 550 1084 sunt
565 1042 663 1104 opera
678 1044 797 1099 eorum,
810 1023 866 1106 qui
882 1032 938 1087 aut
951 1026 1056 1107 legem
1072 1027 1229 1103 nesciunt,

271 1130 326 1182 aut
353 1120 434 1201 legis
456 1120 634 1184 Dominum
658 1142 723 1183 non
746 1134 900 1185 verentur.
945 1125 1012 1187 Vos
1035 1137 1140 1189 autem
1162 1148 1229 1191 non

271 1220 328 1297 sic,
344 1218 438 1303 cujus
452 1219 551 1283 fidem
567 1230 600 1285 et
614 1220 815 1305 prudentiam
834 1221 916 1286 adeo
933 1224 1095 1288 Dominus
1110 1247 1226 1310 appro-

270 1322 371 1401 bavit,
399 1333 436 1387 ut
457 1345 514 1387 vos
542 1323 705 1408 incapite
734 1325 846 1387 mundi
871 1346 967 1408 super
997 1328 1226 1394 candelabrum

270 1444 401 1486 aureum
424 1435 547 1508 septem
565 1423 786 1509 lampadarum
809 1437 963 1509 tauquam
984 1427 1147 1490 lucernam
1170 1451 1229 1493 ex·

270 1523 379 1587 imiam
403 1527 586 1605 collocaret,
601 1539 636 1589 nt
651 1527 706 1611 qui
726 1523 950 1609 ingrediuntur
962 1529 1071 1590 lumen
1087 1529 1228 1596 videant.

271 1627 310 1689 In
342 1649 401 1691 vos
431 1649 506 1709 crgo
536 1628 678 1692 omnium
708 1630 794 1692 oculi
828 1628 1018 1709 diriguntur,
1052 1627 1228 1713 timentque

271 1726 402 1810 plurimi
418 1750 459 1791 ne
475 1728 589 1793 lucifer
604 1730 712 1793 denuo
728 1740 870 1793 tentatus
887 1730 1094 1810 extinguatur
1108 1741 1140 1793 et
1160 1752 1228 1794 cor·

271 1841 352 1909 ruat,
368 1830 460 1893 veriti
475 1851 517 1892 ne
531 1830 739 1909 familiaritas,
755 1852 851 1915 qnam
867 1852 939 1895 cum
957 1852 1043 1911 rege,
1055 1842 1090 1894 ut
1105 1831 1231 1910 dicitur,

272 1932 405 1994 ulterius
428 1934 647 2009 contraxistis,
671 1935 762 1997 robis
785 1934 826 1996 sit
849 1934 979 1997 occasio
1009 1932 1228 2017 delinquendi.

270 2033 317 2096 Et
331 2035 476 2116 profecto

379 2149 659 2203 Omneanimivitium
670 2156 745 2203 tanto
756 2152 999 2222 conspectiusinee
1047 2145 1050 2150 ’

378 2234 488 2288 Crimen
496 2235 589 2300 habet,
601 2240 698 2304 quanto
709 2236 793 2307 major
805 2237 850 2304 qni
861 2243 952 2308 peccat
962 2236 1084 2290 habetur.

272 2337 434 2401 (laetarum
449 2359 510 2419 ego
524 2337 654 2400 interim
669 2357 764 2419 spero
777 2336 864 2420 quod
874 2337 945 2402 haec
957 2340 1053 2402 vestri
1065 2350 1097 2402 ct
1108 2338 1230 2402 domini

271 2440 357 2520 regis
372 2438 581 2515 familiaritas,
596 2458 668 2521 quae
683 2439 792 2501 multis
807 2437 889 2502 adeo
905 2424 1057 2523 suspecta
1072 2452 1130 2519 est,
1146 2441 1232 2504 fruc-

272 2551 367 2606 tuosa
381 2542 441 2605 crit
463 2541 620 2618 ecclesiae,
634 2540 813 2604 necessaria
834 2542 940 2619 nobis,
964 2541 1101 2605 salubris
1123 2544 1181 2618 illi,
1199 2553 1232 2606 et

272 2644 366 2707 vobis
380 2644 528 2727 gloriosa.
574 2644 609 2706 Si
625 2644 710 2705 enim
725 2665 783 2706 vos
798 2640 945 2719 audierit,
954 2644 988 2706 in
1000 2666 1039 2707 eo
1052 2644 1139 2728 quod
1149 2644 1232 2727 juris

273 2746 450 2810 necessitas
472 2746 568 2830 cogit,
591 2756 623 2810 et
638 2744 725 2829 quod
748 2746 816 2809 sine
840 2746 950 2810 salutis
973 2769 1039 2809 suae
1062 2743 1232 2829 dispendio

273 2848 375 2912 vitare
389 2869 454 2911 non
470 2859 587 2931 potest,
601 2847 816 2931 proculdubio
828 2848 1011 2930 poenitebit,
1028 2846 1235 2910 confitebitur

276 2951 417 3032 culpam,
431 2959 464 3012 et
479 2950 642 3014 humiliter
665 2948 866 3012 satisfaciens
889 2947 1049 3023 ecclesia),
1071 2966 1186 3027 pacem
1202 2956 1234 3009 ct

274 3050 457 3113 libertatem
478 3050 573 3112 nobis
596 3049 744 3112 omnibus
759 3049 868 3111 ablata
890 3067 964 3109 cum
986 3045 1170 3127 integritate
1186 3067 1232 3111 re·

274 3151 396 3228 stitnct,
411 3162 444 3214 et
458 3151 630 3214 fraternum
646 3150 756 3213 odium
778 3149 818 3213 de
838 3146 934 3212 corde
954 3168 1082 3230 prorsus
1105 3148 1230 3212 avellet.

278 3249 434 3334 Alioquin
449 3250 608 3334 quiscum
625 3249 746 3333 cripere
762 3259 869 3333 potest
884 3270 903 3312 a
917 3250 1033 3330 laqueo
1049 3247 1177 3312 mortis?

321 3351 398 3416 Scio
413 3351 537 3434 utiquc,
552 3350 704 3434 quoniam
719 3349 937 3414 indubitanter
952 3371 1059 3413 verum
1074 3360 1123 3413 cst
1138 3351 1236 3414 etiam

278 3464 312 3517 et
325 3452 539 3530 notissimum,
555 3448 643 3534 quod
658 3471 718 3513 nec
735 3452 850 3514 Petrus
871 3452 942 3534 ipse
965 3451 1050 3514 hanc
1074 3452 1202 3535 accepit
1217 3473 1236 3515 a

279 3555 425 3618 Domino
434 3563 635 3637 potestatem,
650 3562 685 3615 ut
697 3552 935 3634 impoenitentes
945 3551 1049 3635 possit
1061 3553 1237 3630 absolvere,

277 3667 311 3720 et
325 3655 541 3739 proculdubio
553 3664 690 3732 constat,
706 3655 780 3737 quia
791 3654 819 3716 si
833 3674 885 3716 res
893 3654 1001 3716 ablata
1014 3651 1107 3716 reddi
1119 3663 1235 3736 potest,

278 3767 311 3820 et
326 3778 393 3820 non
415 3755 568 3832 redditur,
582 3777 647 3820 non
672 3756 774 3837 agitur
795 3753 997 3839 poenitentia,
1021 3752 1079 3824 sed
1093 3744 1235 3837 fingitur.

279 3859 348 3923 Ubi
357 3867 464 3921 autem
477 3857 634 3941 principis
645 3858 864 3941 apostolorum
874 3854 1041 3918 cohibetur
1052 3858 1236 3932 auctoritas,

280 3961 370 4024 nulla
390 3959 514 4022 ratione
540 3958 731 4023 crediderim
756 3951 981 4021 convalescere
1009 3977 1103 4039 posse
1131 3958 1236 4042 cujus·

281 4082 377 4144 quam
387 4060 530 4125 hominis
539 4070 740 4144 potestatem.
777 4060 894 4122 Fateor
906 4069 1010 4122 autem
1022 4069 1054 4120 et
1067 4079 1174 4120 verum
1186 4069 1235 4123 est

282 4160 413 4226 domino
441 4161 521 4243 regi,
549 4171 661 4245 utpote
692 4159 920 4242 gloriosissimo
944 4158 1096 4242 principi,
1126 4179 1235 4240 quam·

280 4265 452 4346 plurimum
468 4263 685 4339 deferendum,
700 4263 757 4325 sed
772 4263 817 4326 ita
829 4274 864 4325 ut
881 4263 972 4325 Deus
984 4282 1043 4323 nec
1059 4260 1092 4322 in
1106 4261 1237 4323 minimo

282 4367 469 4430 offendatur.
503 4365 653 4449 Alioquin
666 4365 791 4452 species
802 4362 990 4431 idololatriac
1003 4373 1050 4424 est
1060 4363 1119 4423 sub
1132 4359 1181 4442 cuj
1187 4381 1235 4423 us-
