3384 5525
242 747 349 826 lton]
632 762 813 809 nersroun.
1154 753 1197 814 69

233 917 274 979 ab
291 918 429 980 ecclesia
451 926 607 1000 expetunt
629 916 812 982 innocentis
833 918 1000 999 sanguinis
1017 920 1189 983 ultionem:

231 1020 287 1082 alii
304 1020 399 1082 variis
413 1018 596 1081 afficiuntur
618 1018 806 1101 suppliciist
830 1039 943 1082 omnes
963 1021 1142 1099 osculamus,
1157 1019 1190 1085 et

226 1121 297 1204 jam
312 1122 367 1184 diu
381 1119 551 1204 proscripti
563 1141 684 1199 sumus,
696 1133 731 1183 ut
742 1121 790 1183 vel
806 1121 853 1183 sic
870 1122 1008 1185 nefarias
1022 1123 1187 1186 bominum

232 1222 417 1286 traditiones
439 1222 669 1304 compellamur
695 1222 841 1304 praeferre
868 1224 931 1305 legi
953 1224 1017 1287 Dei
1040 1236 1073 1288 et
1095 1245 1188 1288 sanc·

230 1326 373 1387 tionibus
388 1335 533 1406 patrum:
558 1321 616 1385 sed
631 1323 762 1385 unicum
777 1336 825 1387 est
840 1323 991 1388 fidelibus
1005 1326 1040 1388 iu
1054 1327 1187 1390 tribula·

230 1427 319 1490 tione
333 1421 518 1502 remedium,
534 1424 684 1507 precibus
706 1445 797 1487 aures
812 1427 939 1509 pulsare
952 1427 1138 1511 majestatis,
1154 1441 1187 1493 et

229 1528 328 1592 totius
342 1527 459 1589 mentis
470 1546 587 1588 arcana
601 1537 756 1605 retexere,
768 1535 802 1589 ut
814 1527 860 1591 sic
873 1529 972 1609 patris
984 1530 1186 1593 clementiam

229 1642 390 1706 moveant,
415 1638 447 1690 et
472 1628 608 1697 miseriae
635 1628 782 1691 solatium
809 1641 1055 1712 consequantur.
1108 1633 1184 1695 Hoc

229 1732 356 1816 quoties
372 1730 421 1793 usi
435 1740 510 1794 sunt
525 1730 582 1791 filii
607 1731 714 1808 lsrael,
729 1731 822 1793 toties
837 1731 878 1794 de
893 1732 1140 1795 necessitatibus
1154 1740 1187 1795 et

229 1832 385 1914 angustiis
400 1834 549 1913 leguntur
568 1830 679 1913 erepti.
724 1832 948 1895 Recurrebant
962 1830 1008 1894 illi
1024 1833 1067 1897 ad
1081 1836 1186 1897 taber·

229 1935 381 1997 naculum
397 1933 539 2009 faederis,
555 1932 609 1994 ubi
632 1944 743 1995 sancta
764 1948 946 1997 sauctorum
968 1937 1184 2010 servabantur,

229 2034 263 2095 id
292 2043 343 2096 est
372 2032 522 2096 mandata
551 2032 625 2110 Dei,
649 2053 723 2115 quae
748 2034 875 2098 cunctis
899 2034 1186 2118 justificationibus

230 2136 443 2210 antecellunt;
471 2134 506 2196 in
531 2133 825 2216 opportunitatibus
854 2134 921 2197 suis
951 2135 1186 2199 conveniebant

229 2237 379 2319 Moysem
396 2246 427 2299 et
440 2238 547 2298 Aaron
570 2247 700 2298 sanctos
720 2236 873 2299 Domini:
898 2247 930 2299 et
950 2236 1075 2300 miseris
1097 2238 1184 2302 Can·

229 2338 453 2411 tuariensibus,
476 2336 518 2400 ad
541 2357 622 2419 quos
644 2338 726 2399 inter
753 2338 860 2400 Deum
883 2350 971 2401 etse
994 2338 1184 2403 mediatores

230 2437 480 2518 confugiendum
502 2449 561 2515 est,
581 2438 643 2501 uisi
666 2438 708 2501 ad
729 2438 910 2502 Romanam
932 2439 1112 2517 ecclesiam,
1128 2441 1183 2503 ubi

229 2540 312 2621 riget
327 2539 445 2602 divinae
459 2540 542 2621 legis
565 2539 723 2616 custodia,
737 2548 770 2601 et
792 2540 889 2602 totius
911 2540 1081 2604 sacerdotii
1097 2541 1182 2623 prin-

229 2639 379 2721 cipatus?
419 2640 503 2701 Nam
524 2639 552 2701 si
572 2639 628 2703 illa
643 2650 717 2721 post
737 2640 844 2702 Deum
867 2638 1041 2704 decreverit
1059 2643 1182 2705 salvare

227 2763 300 2820 nos,
315 2741 469 2804 continuo
483 2740 697 2804 liberabimur.
737 2740 771 2804 Si
786 2763 899 2806 manus
914 2744 1088 2817 erexeritis,
1105 2756 1182 2807 ster,

226 2855 322 2905 netur
335 2842 503 2914 Amalech,
518 2854 550 2905 et
573 2842 629 2924 qui
645 2864 701 2906 vos
723 2843 883 2906 Pharaoni
906 2842 1044 2906 deditio
1066 2846 1182 2920 Deum,

227 2944 359 3027 dejiciet
386 2965 499 3007 omnes
529 2943 727 3007 adversarios
753 2943 901 3007 ecclesiae
924 2964 944 3007 a
965 2944 1047 3007 facie
1070 2955 1180 3007 vestra.

226 3045 273 3107 Et
287 3045 407 3107 utinam
422 3046 477 3108 ille
488 3046 544 3129 qui
556 3065 590 3108 se
601 3045 753 3127 gloriatur
764 3046 895 3122 annulo,
904 3045 1025 3108 bonore
1039 3057 1071 3109 et
1087 3047 1181 3108 bene·

227 3146 303 3210 ficio
318 3169 416 3210 manu
428 3148 604 3230 apostolica
619 3147 855 3223 subarrhatum,
864 3146 1055 3230 juramentis
1066 3157 1098 3210 et
1107 3168 1181 3230 pro·

227 3248 435 3311 missionibus
456 3247 521 3310 suis
542 3247 745 3330 prudentiam
761 3259 897 3311 vestram
917 3269 983 3311 non
1001 3247 1180 3327 delusisset,

226 3368 286 3409 nec
299 3360 474 3410 erectarum
486 3368 636 3413 manuum
649 3347 796 3411 flexisset
804 3347 949 3435 rigorem,
959 3347 1034 3429 quia
1043 3349 1181 3414 ecclesia

220 3449 290 3533 jam
320 3450 491 3531 navigabat
515 3451 548 3512 in
574 3463 680 3532 portu,
706 3450 837 3533 quando
867 3449 921 3513 ille
951 3449 1079 3514 rediens
1104 3472 1178 3515 cum

226 3550 388 3633 triumpho
418 3551 589 3632 sacrilegos
617 3552 855 3635 impoenitentes
880 3551 957 3614 lecit
984 3552 1117 3632 absolvi,
1148 3566 1180 3617 et

227 3674 385 3736 suspensa
414 3664 570 3737 potestate
596 3653 719 3717 domini
747 3653 984 3717 cantuariensis
1013 3674 1115 3736 usque
1143 3657 1177 3717 iu

225 3754 398 3819 adventum
409 3757 598 3835 legatorum,
609 3775 744 3838 quorum
759 3766 825 3817 erat
835 3754 1060 3837 praeambulus,
1072 3777 1178 3838 perse·

226 3857 417 3940 quutoribus
432 3856 578 3920 ecclesiae
593 3856 763 3939 adjecisset
777 3854 944 3919 audaciam
959 3854 1177 3940 delinquendi.

226 3958 312 4020 Nam
328 3969 423 4019 antea
437 3958 543 4039 plures
564 3957 757 4021 obediebant
771 3956 1026 4040 archiepiscopo,
1040 3958 1097 4021 sed
1120 3981 1177 4022 ex-

225 4058 303 4121 inde
333 4057 422 4141 quod
445 4058 655 4132 meminerim,
678 4059 786 4122 nullus
807 4059 858 4121 vel
884 4056 1056 4121 admodum
1080 4081 1176 4125 rarus

225 4161 310 4223 Data
325 4159 411 4222 enim
427 4171 494 4221 erat
507 4180 581 4241 spes
597 4160 721 4222 aemulis
736 4158 816 4243 ejus,
832 4159 920 4243 quod
935 4180 954 4223 a
968 4161 1082 4241 legatis
1097 4161 1174 4245 deji-

225 4259 359 4324 ciendus
374 4261 433 4324 sit:
458 4261 546 4344 quod
561 4263 714 4345 spoliatus
728 4263 808 4325 citra
829 4262 1059 4324 restitutionem
1074 4283 1177 4325 rerum

224 4377 279 4425 aut
304 4363 458 4445 temporis
484 4363 599 4427 debeat
624 4365 729 4426 subire
751 4363 930 4445 judicium;
962 4363 1049 4443 quod
1079 4364 1177 4444 legati
