3384 5525
365 766 475 844 riou]
753 779 929 823 arrsrors.
1252 768 1310 826 too

387 1051 609 1114 EPlSTOLA
635 1051 1219 1116 ccu11.-inncmnrnm10nrn
1238 1070 1280 1112 nn

633 1169 786 1215 nonnam.
837 1151 922 1229 [sn.
943 1153 1049 1231 ilua]

543 1310 634 1369 Idem
649 1306 793 1370 Ricardo
808 1306 919 1368 Priori
933 1306 972 1368 de
987 1306 1131 1370 Donum.

403 1422 531 1483 Faclas
546 1415 617 1480 coeli
634 1429 797 1479 serenatur
812 1415 852 1478 ab
873 1416 1005 1494 oriente,
1019 1430 1116 1502 caput
1139 1416 1315 1482 schismatis

361 1521 392 1583 in
415 1518 566 1605 aquilone
589 1516 777 1592 conteritur,
793 1516 822 1578 ei
845 1516 988 1579 membra
1004 1516 1186 1600 languentia
1207 1531 1315 1582 conta·

361 1622 506 1696 bescunt,
522 1617 631 1681 dolent
647 1616 756 1692 latera,
773 1638 947 1701 squammae
966 1617 1143 1695 solvuntur,
1160 1631 1194 1683 ut
1218 1620 1315 1703 spira-

364 1721 471 1786 culum
487 1742 613 1807 pereas
635 1719 736 1804 possit
752 1717 906 1783 incedere.
954 1721 998 1784 Et
1016 1720 1085 1805 jam
1100 1720 1132 1783 in
1155 1720 1316 1785 occidente

364 1844 436 1885 suos
459 1819 596 1906 justitiae
620 1816 666 1881 sol
690 1817 795 1881 radios
819 1820 941 1883 vibrat:
975 1820 1059 1883 unde
1082 1822 1114 1883 in
1142 1821 1228 1885 breri
1253 1843 1316 1906 pax

364 1921 501 1985 ecclesiae
517 1935 662 2006 speratur
677 1918 829 1997 affutura,
846 1931 882 1982 ut
898 1919 1054 2004 possimus
1069 1922 1178 1986 amicis
1196 1921 1316 1985 solvere

362 2023 537 2108 gratiarum
554 2019 678 2083 debitas
692 2020 839 2082 actiones.
885 2024 929 2084 Et
947 2020 1074 2107 quidem
1094 2020 1207 2098 (amice
1222 2020 1317 2085 dilec-

364 2124 492 2205 tissime)
509 2145 569 2207 ego
584 2144 634 2184 me
650 2120 708 2184 tibi
725 2120 876 2204 profiteor
898 2120 1072 2185 debitorem
1088 2121 1128 2185 ad
1146 2135 1237 2186 tuum
1262 2122 1318 2187 ubi

365 2237 396 2289 et
411 2222 542 2309 quando
562 2234 673 2307 potero
687 2233 857 2307 promptus
871 2221 1070 2307 obsequium.
1116 2225 1206 2307 Ergo
1228 2224 1253 2287 si
1269 2246 1319 2287 res

365 2349 404 2389 ex
418 2323 610 2388 liberalitate
624 2321 750 2386 videtur
766 2324 885 2395 abesse,
900 2322 958 2387 tibi
971 2348 1011 2387 ex
1024 2348 1062 2387 ea
1073 2347 1198 2389 servum
1211 2324 1319 2390 adesse

367 2426 556 2506 memineris,
578 2424 743 2489 obtinente
768 2448 806 2487 eo
832 2426 918 2510 quod
942 2427 1131 2512 regulariter
1153 2427 1318 2513 proditum

365 2542 423 2608 est,
439 2531 518 2613 quia
537 2526 721 2592 beneficium
744 2526 886 2613 accipere
908 2540 955 2591 est
974 2528 1107 2592 vendere
1130 2528 1319 2594 libertatem.

368 2630 429 2694 Sed
450 2629 531 2715 quid
546 2628 618 2692 dico
634 2628 837 2712 singulariter
853 2652 991 2705 servum,
1006 2654 1105 2716 quum
1122 2654 1171 2695 me
1186 2645 1218 2695 et
1234 2654 1319 2695 meos

368 2733 423 2818 qui
445 2731 638 2805 intermeant
662 2729 721 2793 boc
745 2731 819 2817 jure
842 2744 949 2795 teneas
970 2732 1153 2819 obligatos?
1190 2736 1318 2798 Horum

368 2833 545 2898 meminisse
570 2832 710 2919 juvabit,
733 2855 834 2917 quum
860 2832 913 2896 ille
937 2849 1066 2899 auctore
1090 2839 1161 2899 Deo
1189 2834 1320 2899 evicerit

367 2935 504 2999 ecclesiae
533 2934 731 2999 libertatem:
770 2934 827 3020 qui
860 2958 943 2998 nunc
976 2935 1075 3019 (quod
1106 2947 1214 2999 nostra
1246 2948 1317 2998 tum

368 3050 524 3124 perpetua
545 3035 720 3121 ignominia
741 3039 804 3119 est)
829 3035 969 3099 torcular
991 3035 1076 3099 solus
1098 3036 1208 3111 calcat,
1227 3048 1259 3099 et
1280 3034 1321 3098 de

369 3150 462 3223 gente
489 3160 558 3212 sua,
582 3137 712 3200 ecclesia
738 3138 857 3202 scilicet
883 3137 1072 3223 Anglicana,
1094 3137 1241 3201 comitem
1267 3136 1319 3200 vix

370 3242 501 3305 invenit.

370 3610 587 3675 EPISTOLA
618 3613 861 3677 oculta-m
884 3631 1069 3676 noannruru
1091 3631 1323 3680 vicu-ancum.

627 3733 793 3777 canrosa.
841 3713 929 3792 [an.
948 3713 1059 3792 lica]

501 3870 591 3935 Idem
607 3873 743 3936 Roberto
757 3871 966 3935 vae-Arcam.
986 3870 1145 3933 Cantator.

412 3986 617 4046 Dncrrssrrss
634 3981 693 4043 viri
709 3984 864 4045 sententia
880 3991 927 4044 est
942 3980 1040 4044 verba
1055 3979 1237 4066 accipienda
1257 4006 1323 4049 esse

373 4105 410 4144 ex
433 4105 527 4147 sensu
550 4105 589 4145 ex
613 4105 679 4166 quo
700 4082 792 4159 liunt,
810 4104 871 4145 non
895 4104 933 4144 ex
958 4104 1049 4144 sensu
1073 4105 1167 4165 quem
1185 4083 1324 4149 faciunt:

374 4205 467 4266 quarn
486 4184 512 4246 si
527 4199 685 4268 sequutus
700 4183 811 4259 fueris,
827 4205 896 4246 mea
912 4182 1169 4266 interpretaberis
1191 4208 1232 4248 ex
1247 4186 1325 4248 cari-

375 4295 447 4348 tate.
494 4283 578 4362 Quia
600 4283 626 4347 si
649 4283 808 4369 loquendo
823 4283 973 4366 insipiens
988 4282 1092 4346 factus
1114 4307 1195 4359 sum,
1211 4287 1325 4350 caritas

374 4405 422 4449 me
436 4387 553 4471 coegit.
584 4389 754 4451 Potueram
771 4386 854 4450 enim
871 4383 960 4448 silere
973 4383 1029 4468 qui
1043 4407 1104 4447 non
1118 4387 1325 4451 conveniebar
