3384 5525
737 746 953 825 1167]
1271 764 1277 768 ·
1496 762 1851 808 Ems'ronAE.
2549 749 2632 809 79

726 913 1155 980 adversarium
1182 936 1321 979 esse
1351 916 1739 979 convincant
1768 936 1960 999 opera
1988 915 2144 1001 ejus.
2213 916 2448 980 Pacem
2482 938 2632 981 vero

727 1015 813 1078 ad
856 1016 1158 1081 honorem
1190 1018 1511 1082 Ecclesiae
1542 1018 1673 1080 Dei
1719 1027 1783 1080 et
1825 1039 2010 1081 suum
2052 1019 2324 1081 libenter
2365 1018 2635 1102 recipiet

726 1139 845 1201 per
894 1140 1119 1182 manus
1164 1122 1551 1201 legatorum:
1620 1116 1735 1180 sed
1783 1140 1864 1181 an
1912 1118 1999 1182 ad
2045 1119 2366 1202 colloquia
2413 1140 2632 1182 eorum

726 1241 1102 1284 accessurus
1132 1222 1235 1295 sit,
1259 1220 1378 1283 nisi
1405 1220 1814 1283 restituantur
1843 1222 2075 1296 ablata,
2101 1220 2273 1283 unde
2292 1242 2359 1284 se
2389 1230 2455 1283 et
2483 1241 2634 1283 suos

729 1322 935 1384 valeat
964 1323 1291 1396 exhibere,
1336 1319 1622 1383 nondum
1666 1320 1876 1382 habeo
1921 1320 2342 1403 exploratum.
2437 1320 2631 1385 Certo
2706 1386 2711 1391 ,

728 1432 943 1485 autem
998 1423 1230 1486 certius
1289 1431 1407 1499 est,
1460 1420 1634 1505 quod
1692 1420 1819 1483 nisi
1869 1431 2288 1504 componatur
2335 1443 2450 1505 per
2498 1444 2634 1500 eoS,

724 1526 972 1588 nullam
1004 1526 1161 1589 citra
1188 1525 1645 1588 restitutionem
1672 1519 2063 1603 ingredietur
2095 1544 2389 1587 causam:
2438 1546 2634 1607 quum

726 1625 909 1688 illata
940 1625 1064 1687 sibi
1096 1624 1325 1709 injuria
1347 1637 1411 1688 et
1434 1625 1739 1687 violentia
1756 1624 1982 1707 ‘lippis
2003 1636 2066 1686 et
2081 1625 2461 1689 tonsoribus’
2485 1636 2638 1690 nota

730 1725 835 1789 sit.
930 1727 1060 1791 Sed
1091 1748 1210 1790 nec
1241 1727 1519 1810 aliquem
1544 1746 1810 1788 suorum
1839 1726 2070 1799 mittet,
2104 1724 2315 1789 donec
2344 1726 2636 1790 interme-

728 1828 985 1891 antibus
1025 1828 1218 1892 eundi
1259 1839 1324 1892 et
1361 1826 1672 1891 redeundi
1717 1827 2028 1890 securitas
2069 1838 2457 1909 procuretur.
2545 1829 2637 1891 Et

728 1930 1027 2013 quoniam
1053 1928 1441 1993 conditionis
1458 1938 1691 1991 nostrae
1716 1928 2004 1990 calculus
2021 1928 2088 1989 in
2111 1927 2388 1992 adventu
2414 1950 2634 1993 eorum

729 2031 976 2094 videtur
1019 2031 1483 2116 aliquantulum
1521 2029 1912 2106 immutatus,
1943 2051 2169 2112 precor
2208 2032 2532 2105 attentiUS,
2562 2040 2636 2095 ut

728 2133 882 2195 mihi
928 2154 1042 2215 per
1068 2134 1330 2197 latorem
1375 2131 1786 2214 praesentium
1823 2130 2211 2209 rescribatis,
2257 2133 2525 2215 qualiter
2553 2133 2636 2197 ad

729 2234 1212 2298 indemnitatem
1260 2231 1670 2297 conscientiae
1713 2244 1777 2296 et
1803 2233 1990 2296 famae
2037 2254 2139 2295 me
2171 2235 2401 2297 versari
2447 2255 2636 2317 opor-

731 2344 877 2399 teat.
946 2337 1113 2398 Nam
1148 2336 1202 2399 si
1233 2336 1311 2399 de
1347 2334 1729 2419 juramentis
1761 2335 1968 2416 agitur
2012 2356 2155 2418 quae
2187 2334 2486 2399 dominus
2515 2356 2634 2399 rex

728 2459 768 2499 a
797 2437 985 2500 nobis
1007 2437 1265 2518 exigere
1298 2437 1647 2510 consuevit,
1672 2437 1861 2517 Rogo
1886 2437 2094 2498 Deum
2127 2458 2358 2516 meum,
2388 2447 2461 2501 ut
2488 2447 2636 2501 ante

727 2538 887 2600 mihi
916 2548 1182 2600 mortem
1205 2537 1698 2601 misericorditer
1725 2536 2050 2617 largiatur,
2083 2559 2272 2621 quam
2303 2539 2635 2603 couscien-

729 2640 880 2701 tiam
914 2648 980 2701 et
1009 2639 1237 2701 famam
1262 2638 1634 2722 juramentis
1663 2638 1902 2700 talibus
1932 2640 2269 2727 maculare..

728 2993 1176 3056 EPISTOLA
1205 2991 1764 3056 CCXXIII.—An
1783 3010 2182 3056 MAG1s‘rRUM
2205 3010 2636 3056 RAIMUNDUM.

1462 3095 1555 3171 [A.
1578 3113 1640 3156 D.
1679 3093 1898 3174 1162]

1308 3227 1637 3310 Magistro
1667 3227 2064 3291 RaimundO.

818 3342 1001 3414 Qum
1040 3362 1143 3403 me
1183 3338 1428 3404 tamdiu
1467 3338 1655 3402 silere
1692 3338 1994 3418 coegerit,
2026 3337 2092 3400 in
2125 3361 2255 3422 quo
2297 3351 2468 3405 statu
2498 3364 2634 3406 ver-

730 3455 907 3508 satus
938 3464 1103 3514 sum,
1125 3441 1310 3504 vobis
1339 3461 1425 3505 ex
1453 3440 1685 3503 litteris
1716 3439 1979 3503 domino
2011 3441 2399 3506 Pictaviensi
2429 3444 2639 3507 missis

730 3545 919 3610 facile
962 3545 1341 3608 innotescet.
1430 3540 1627 3605 Unde
1658 3541 1741 3605 ad
1772 3541 2016 3625 reliqua
2043 3545 2448 3609 necessitatis
2475 3566 2636 3608 meae

727 3646 1147 3731 progrediens
1168 3645 1470 3708 attentius
1492 3665 1744 3726 precor,
1770 3644 2070 3727 quatinus
2100 3645 2470 3710 conditione
2496 3667 2639 3711 mea

728 3745 1407 3828 diligenterinspecta,
1438 3765 1525 3808 ex
1553 3745 1852 3808 omnibus
1898 3745 2389 3809 circumstantiis
2417 3768 2634 3830 perso-

725 3869 954 3912 narum
983 3858 1048 3911 et
1076 3868 1288 3912 causae
1329 3857 1395 3910 et
1435 3845 1767 3929 temporiS,
1795 3845 2146 3910 rescribere
2188 3849 2440 3929 placeat
2477 3848 2634 3931 quid

724 3949 1131 4032 potissimum
1190 3947 1501 4022 videatur,
1559 3946 1685 4010 hoc
1745 3946 1814 4008 in
1871 3947 2330 4030 praeelectione
2382 3948 2636 4013 consilii

728 4051 1084 4128 observato,
1134 4059 1207 4111 ut
1259 4069 1513 4132 semper
1560 4047 1871 4111 honestas
1921 4049 2186 4114 utilitati
2232 4045 2632 4133 praejudicet.

726 4150 838 4227 Et,
883 4148 939 4214 si
983 4149 1247 4213 domino
1292 4150 1625 4233 episcop0‚
1654 4159 1719 4212 et
1751 4149 1951 4225 vohis,
1999 4161 2063 4213 et
2107 4151 2420 4233 Magistro
2468 4152 2632 4214 Lau-

728 4248 934 4311 rentio
967 4248 1173 4311 visum
1218 4248 1407 4312 fuerit
1451 4257 1521 4310 ut
1562 4247 1720 4311 mihi
1767 4261 1831 4309 et
1875 4249 2171 4313 exulibus
2207 4249 2355 4318 aliia
2416 4257 2484 4314 Q.
2606 4253 2607 4256 ’

732 4363 1109 4431 procuretur
1135 4351 1409 4414 facultas
1432 4369 1657 4413 secura
1682 4350 1935 4433 legatus
1955 4349 2263 4425 adeundi,
2289 4377 2372 4436 ν,
2429 4350 2446 4371 ’
