3384 5525
493 774 554 832 154
767 784 902 827 soranis
920 780 1198 826 snussnunransrs
1347 762 1393 835 [n.
1412 781 1442 823 n.

492 936 700 1021 tingentibus,
720 947 879 1020 quatenus
899 952 1004 996 causae
1022 953 1124 1016 genus
1141 928 1344 1005 admittebat,
1365 929 1444 993 nihil

493 1038 651 1101 omittens.
697 1034 760 1100 Sed
784 1048 888 1099 vester
910 1032 964 1095 ille
988 1032 1168 1110 Manerius,
1191 1031 1242 1096 cui
1265 1030 1350 1095 forte
1372 1031 1444 1094 inde

490 1162 667 1222 congruum
690 1159 816 1214 nomen,
840 1134 926 1221 quod
951 1157 1040 1198 mane
1064 1156 1157 1199 ruens
1173 1133 1203 1196 in
1227 1132 1442 1218 praecipitium

492 1239 605 1317 tendit,
626 1240 739 1303 datum
761 1250 821 1312 est,
844 1259 902 1299 nec
924 1235 1010 1320 apud
1027 1257 1095 1310 nos,
1117 1256 1174 1297 nec
1198 1232 1286 1318 apud
1302 1245 1443 1318 posteros

491 1340 662 1405 habebitur
676 1354 858 1413 excusatus,
876 1337 931 1423 qui
948 1335 1047 1420 sylvis
1061 1349 1092 1399 et
1110 1335 1245 1399 saltibus
1257 1336 1443 1420 peragratis,

492 1464 615 1507 summo
645 1462 778 1526 surgens
799 1438 942 1502 diluculo
967 1436 1134 1501 curialium
1158 1435 1333 1499 venaticam
1356 1459 1443 1499 exer-

492 1546 559 1609 cuit
580 1544 611 1607 in
627 1557 750 1629 patrem
766 1555 797 1606 et
813 1542 977 1604 dominum
993 1540 1203 1613 innocentem,
1219 1561 1323 1624 quum
1339 1553 1442 1603 tamen

492 1647 574 1733 pelle
589 1647 716 1711 cervina
736 1643 876 1708 nondum
892 1656 972 1707 esset
988 1642 1131 1723 indutus
1146 1664 1204 1705 nec
1224 1642 1391 1727 expositus
1405 1640 1443 1704 ad

492 1748 633 1834 praedam
665 1746 774 1810 divino
797 1758 889 1809 nutu.
939 1747 977 1807 ln
1002 1767 1034 1807 se
1057 1747 1218 1830 poeticum
1245 1744 1445 1808 scommatice

493 1863 617 1936 poterat
634 1862 825 1933 retorquere.

616 2000 727 2050 Actaeon
739 2014 788 2063 ego
801 2014 874 2048 sum:
893 1997 1024 2049 dominum
1036 1996 1184 2063 cognoscite
1196 2001 1319 2048 vestrum.

493 2132 1441 2220 Etinvenatoreshujusmodievangelicamloedoriamquam

493 2241 525 2302 in
541 2238 671 2306 Judaeos
694 2237 843 2301 Christus
859 2235 994 2301 intorsit.
1038 2236 1147 2299 Multa
1161 2236 1241 2299 bona
1263 2258 1361 2318 opera
1376 2256 1444 2319 ope-

492 2352 587 2403 ratua
608 2362 677 2404 sum
691 2340 776 2403 oobia
790 2359 812 2399 a
826 2340 929 2401 Putre
944 2342 1013 2402 Deo
1021 2348 1155 2421 propter
1169 2340 1254 2421 quod
1267 2341 1384 2402 horum
1400 2360 1444 2403 me

492 2441 591 2504 vultis
612 2442 777 2505 occidere?
799 2438 857 2503 llle
880 2451 984 2504 tamen
1009 2439 1103 2504 babet
1120 2440 1280 2505 ecclesiam
1300 2463 1390 2504 suam
1413 2452 1442 2503 et

494 2542 623 2607 habebit
638 2541 753 2606 amodo
772 2554 965 2619 excusatam,
982 2542 1006 2605 si
1024 2556 1128 2606 tamen
1149 2544 1194 2607 rei
1210 2544 1318 2608 exitus
1334 2542 1441 2629 scripti

491 2644 540 2710 tui
554 2643 649 2707 fidem
665 2643 925 2708 corroboraverit.
972 2648 1055 2708 Nam
1077 2645 1171 2709 arbor
1186 2645 1389 2729 cognoscitur
1403 2668 1441 2708 ex

491 2746 599 2812 fructu
630 2769 699 2822 suo,
734 2761 765 2810 et
795 2768 892 2830 opera
921 2744 1119 2831 singulorum
1153 2751 1197 2815 eis
1227 2747 1441 2813 testimonium

491 2849 631 2914 reddunt
661 2849 765 2935 majus
790 2847 922 2912 Joannc.
969 2851 1051 2913 Sunt
1078 2863 1182 2913 tamen
1213 2850 1374 2914 intervos
1400 2863 1443 2914 te·

492 2965 602 3017 nentes
624 2950 799 3015 doctrinam
823 2948 966 3029 Balaam,
989 2951 1337 3015 excommunicatorum
1363 2974 1443 3015 com-

492 3056 601 3140 plices,
616 3067 648 3117 et
663 3065 808 3117 auctores
821 3051 946 3126 erroris,
959 3071 1095 3136 quorum
1112 3053 1237 3130 merito,
1250 3054 1337 3138 quod
1357 3053 1444 3116 Deus

489 3170 624 3232 avertat,
637 3153 811 3218 timendum
822 3165 880 3230 est,
891 3175 929 3216 ne
942 3166 1009 3217 tota
1021 3154 1150 3218 ecclesia
1162 3155 1264 3219 labem
1281 3154 1445 3220 contrahat

491 3270 523 3322 et
544 3255 697 3319 maculam
720 3257 823 3321 famae.
884 3259 956 3322 Nou
976 3256 1070 3333 enim,
1094 3271 1128 3322 ut
1149 3257 1245 3335 nosti,
1266 3257 1379 3323 dicunt
1399 3257 1443 3321 in·

493 3356 669 3432 sidiatores‚
687 3358 791 3419 “Hoc
807 3357 883 3420 fecit
895 3357 947 3420 ille
964 3358 1011 3421 vel
1022 3358 1108 3435 ille,''
1124 3360 1178 3423 sed
1198 3366 1218 3400 ‘⁶
1233 3361 1307 3424 Hoc
1321 3361 1441 3425 faciunt

490 3455 635 3520 monachi
660 3457 809 3522 Cantuar.
833 3471 889 3522 aut
914 3460 1114 3526 monachus.”
1161 3461 1320 3540 Qualibus
1334 3460 1440 3525 fabula

491 3571 539 3623 est
554 3580 638 3622 nunc
653 3556 684 3619 in
701 3557 845 3641 partibus
866 3558 1041 3625 cismarinis
1055 3561 1096 3626 de
1116 3562 1272 3647 praedicto
1288 3562 1441 3638 Manerio,

488 3661 582 3745 cujus
610 3680 723 3722 nomen
753 3658 875 3724 celebre
905 3675 952 3726 est
982 3684 1140 3727 excausa
1169 3663 1323 3741 criminis,
1353 3660 1438 3749 quod

491 3761 610 3826 virtute
640 3783 702 3824 non
732 3773 879 3846 potuerat
911 3764 1105 3848 promereri?
1130 3765 1225 3839 Quod
1256 3766 1283 3831 si
1305 3766 1334 3830 ei
1365 3765 1441 3830 falso

492 3862 676 3948 imponitur,
702 3886 765 3926 non
793 3887 854 3940 me,
878 3865 932 3928 sed
960 3865 1133 3930 cardinales
1158 3880 1297 3946 accuset,
1321 3870 1378 3953 qui
1403 3865 1440 3930 de

492 3964 592 4050 ipsius
607 3963 820 4050 appellatione
837 3966 1040 4053 scripserunt.
1086 3968 1211 4033 Valete.
