3384 5525
375 779 434 837 186
630 790 767 835 Jorruus
783 790 1064 836 sannsnnamnsrs
1236 777 1282 856 [r.
1301 794 1331 837 n.

374 942 510 1021 volvero,
525 940 656 1005 videbor
671 960 703 1005 et
718 964 770 1005 ero
786 940 944 1027 insipiens.
991 945 1075 1008 Tota
1090 965 1167 1027 ergo
1181 942 1331 1029 gloriatio

372 1067 442 1107 mea
458 1044 535 1107 nibil
557 1043 645 1107 aliud
661 1056 708 1108 est
731 1043 790 1107 nisi
806 1043 915 1106 divina
937 1043 1110 1122 miseratio,
1127 1058 1159 1109 et
1183 1046 1331 1111 meritum

350 1143 521 1226 alienum,
543 1147 697 1211 bonorum
720 1145 805 1222 dico,
828 1169 967 1232 quorum
991 1162 1062 1232 post
1086 1149 1205 1229 Deum,
1219 1162 1252 1214 et
1275 1173 1332 1235 per

372 1254 489 1331 Deum,
514 1273 586 1336 ope,
612 1273 681 1313 sum
710 1251 869 1314 modicum
896 1249 931 1313 id
961 1251 1048 1335 quod
1074 1237 1154 1315 sum.
1202 1256 1327 1317 Horum

372 1352 520 1418 meritum
546 1366 605 1428 est,
633 1353 720 1438 quod
746 1374 844 1438 supra
870 1365 903 1416 et
929 1367 1039 1417 contra
1062 1354 1175 1418 merita
1196 1377 1268 1419 mea
1289 1356 1328 1419 de

372 1469 507 1521 stercore
517 1459 618 1520 erexit
630 1478 679 1519 me
687 1454 896 1532 Dominus‚et
907 1454 1037 1531 direxit,
1045 1478 1143 1541 quum
1156 1456 1212 1520 sim
1223 1457 1330 1542 pulvis

371 1570 403 1621 et
418 1556 505 1621 cinis.
552 1558 597 1622 Et
610 1579 695 1620 nunc
712 1555 893 1641 proscripto
916 1555 949 1617 in
964 1569 1060 1641 gente
1081 1570 1113 1620 et
1128 1568 1216 1620 terra
1230 1557 1332 1621 aliena

371 1660 454 1722 bona
475 1658 565 1723 dedit
587 1658 628 1721 ad
651 1657 878 1722 abundantiam
901 1671 933 1722 et
957 1656 1118 1720 honorem.
1164 1658 1227 1723 Sed
1253 1659 1329 1745 quia

372 1761 452 1824 male
471 1761 547 1824 mihi
563 1761 675 1825 merita
697 1759 900 1845 respondent,
915 1775 946 1823 et
966 1782 1076 1824 casum
1091 1759 1199 1838 timeo,
1214 1762 1330 1825 vestris

371 1886 453 1947 quas
467 1862 668 1927 affectuosius
684 1883 796 1947 precor
816 1874 850 1924 et
866 1861 999 1924 aliorum
1018 1860 1197 1925 timentium
1215 1863 1328 1926 Domi-

370 1988 446 2028 num
463 1965 613 2051 precibus
624 1987 749 2029 necesse
765 1962 866 2028 babeo
877 1963 1034 2048 adjuvari.
1065 1967 1110 2027 Et
1125 1965 1185 2027 hoc
1197 1965 1327 2050 quidem

370 2081 418 2132 est
432 2089 574 2131 mearum
587 2090 712 2132 summa
726 2087 868 2153 precum.
901 2065 1004 2129 Lator
1017 2068 1225 2150 praesentium
1240 2068 1329 2131 vobis

370 2180 465 2234 notus
479 2182 537 2248 est,
553 2192 625 2234 curn
641 2191 707 2255 quo
730 2171 757 2233 si
772 2169 878 2253 placet
892 2166 980 2230 ibitis
1001 2167 1041 2230 ad
1057 2166 1223 2232 dominum
1243 2168 1330 2233 Win-

370 2273 545 2337 toniensem
577 2287 614 2337 ut
641 2272 806 2357 negotium
833 2271 904 2356 ejus
934 2283 1177 2355 promoveatur:
1213 2272 1240 2336 si
1267 2294 1328 2336 non

369 2376 515 2462 potestis,
531 2375 647 2441 mittite
662 2375 787 2440 fidelem
806 2387 838 2439 et
855 2374 1038 2458 sapientem.

369 2669 587 2731 EPISTOLA
611 2669 952 2731 ccuxxvnr-m
964 2687 1105 2733 EUNDEM
1123 2689 1165 2732 nr
1178 2688 1326 2733 Faernus

613 2788 804 2834 unrvnnsos.
852 2770 898 2847 [r.
918 2792 946 2834 o.
969 2774 1080 2853 [loa]

538 2965 628 3028 Idem
644 2965 745 3027 cidem
760 2971 791 3027 et
798 2964 966 3047 fratribus
983 2967 1151 3028 universis.

410 3100 583 3176 Quorlnns
612 3095 702 3160 vobis
732 3118 840 3182 preces
871 3097 1075 3182 porrigimus,
1107 3120 1169 3161 non
1202 3120 1255 3160 eas
1285 3098 1325 3162 de

366 3199 482 3262 nostris
497 3198 619 3262 meritis
630 3198 778 3262 ducimus
790 3198 991 3283 promendas,
1005 3200 1059 3263 sed
1075 3198 1114 3262 de
1127 3199 1326 3284 benignitate

368 3310 473 3362 vestra
491 3322 566 3384 quae
581 3299 682 3382 gratis
704 3320 760 3362 nos
775 3299 831 3363 diu
854 3321 945 3363 caros
966 3298 1091 3377 babuit,
1106 3312 1140 3364 et
1161 3298 1194 3364 in
1218 3300 1329 3366 multis

367 3399 493 3463 studuit
510 3399 687 3463 subvenire.
724 3403 808 3463 Nam
824 3400 913 3486 quod
929 3401 1078 3466 exulibus
1093 3419 1125 3467 et
1140 3402 1327 3488 proscriptis

366 3500 505 3565 succedit
531 3500 572 3563 ad
596 3500 818 3585 temporalium
847 3503 1077 3568 abundantiam
1102 3517 1135 3569 et
1161 3504 1327 3583 honorem,

367 3602 480 3666 vestris
505 3601 702 3667 orationibus
729 3615 760 3666 et
787 3602 909 3668 meritis
935 3606 1124 3669 confidimus
1146 3607 1325 3691 provenire.

366 3706 436 3768 Nos
457 3704 541 3767 enim
568 3703 646 3790 quid
669 3703 729 3767 nisi
751 3702 879 3790 flagella
907 3707 1083 3770 meruimus
1105 3719 1137 3771 et
1164 3710 1326 3772 tortores?

369 3804 444 3890 lpse
463 3818 580 3882 tamen,
596 3806 653 3891 qui
677 3828 734 3869 nos
754 3806 935 3872 consolatur
956 3808 988 3870 in
1011 3808 1097 3872 omni
1120 3808 1328 3872 tribulatione

366 3918 484 3984 nostra,
499 3906 679 3990 plenissime
691 3906 794 3993 (quod
811 3929 851 3969 ex
866 3908 1057 3973 conscientia
1072 3907 1224 3989 dicimus)
1237 3909 1328 3972 novit

365 4009 518 4094 quianon
536 4009 595 4071 hoc
606 4031 822 4073 merueramus
837 4010 879 4074 ab
895 4008 949 4073 illo
960 4011 1017 4096 qui
1035 4032 1092 4074 nos
1106 4010 1324 4096 persequitur,

364 4111 437 4175 licet
452 4133 472 4174 a
487 4112 558 4174 Deo
580 4110 789 4174 meruerimus
809 4110 968 4196 graviora.
1012 4113 1171 4198 Praecepit
1191 4111 1238 4174 illi
1261 4112 1326 4176 for·

364 4227 447 4280 tasse
475 4213 645 4290 Dominus,
668 4226 705 4277 ut
732 4213 912 4278 malefaciat
940 4214 1048 4280 nobis:
1081 4227 1112 4278 et
1141 4214 1166 4277 si
1194 4215 1240 4278 ita
1267 4227 1326 4291 est,

362 4316 515 4382 odoretur
539 4314 736 4381 sacrificium.
784 4315 885 4381 Vobis
909 4317 1019 4403 itaque
1042 4316 1192 4403 prostrati
1217 4329 1324 4380 mente

363 4418 579 4506 supplicamus
607 4417 761 4482 attentius
790 4431 950 4504 quatenus
981 4418 1094 4483 vestris
1123 4417 1323 4482 orationibus
