3384 5525
286 792 397 867 trra]
679 810 854 854 arrsrorra.

280 1093 500 1157 EPISTOLA
534 1094 1010 1159 CCCXVI.-aanrr10uoana1
1031 1114 1130 1158 axos.
1153 1115 1236 1158 aurs.

410 1216 454 1258 an
469 1215 699 1259 anamnnamr
716 1214 836 1259 aaran.
884 1196 928 1276 [a.
942 1215 972 1258 n.
990 1198 1096 1277 1173]

422 1396 563 1457 Domino
578 1398 674 1476 Papo
690 1396 888 1459 Eooniensia
901 1398 1093 1479 Episcopus.

327 1543 563 1608 Sacrosancra
585 1545 732 1605 Romana
758 1540 893 1606 ecclesia
916 1540 998 1605 sicut
1024 1541 1169 1626 indignos
1195 1542 1237 1606 ab

280 1644 486 1708 ecclesiarum
502 1640 657 1725 regimine
673 1641 834 1727 depellere
851 1643 1023 1719 consuevit,
1036 1643 1081 1708 sic
1096 1644 1137 1707 ad
1151 1644 1237 1708 solli-

279 1744 454 1810 citudinem
470 1743 635 1829 pastoralis
649 1742 743 1807 officii
757 1764 907 1829 personas
922 1744 1052 1809 idoneas
1067 1756 1188 1827 evocat,
1204 1756 1238 1811 et

280 1848 325 1911 eia
340 1846 521 1933 apostolicae
536 1844 679 1910 tuitionis
693 1845 853 1932 impendit
862 1848 998 1934 gratiam
1010 1858 1044 1910 et
1058 1847 1234 1913 munimen.

283 1949 421 2015 Winton.
432 1971 507 2013 vero
518 1949 653 2013 ecclesia
664 1972 764 2034 quum
776 1972 817 2014 ex
827 1950 971 2015 absentia
984 1950 1116 2035 pastoris
1126 1948 1236 2016 multis

280 2065 314 2118 et
324 2052 447 2136 magnis
462 2053 610 2138 periculis
622 2054 817 2137 subjaceret:
834 2054 964 2119 tandem
977 2052 1100 2117 coelitus
1115 2064 1151 2116 ut
1166 2074 1237 2140 spe-

281 2166 369 2221 ratur
383 2156 413 2219 ei
428 2155 503 2219 data
523 2168 572 2219 est
586 2156 769 2233 consolatio,
785 2168 911 2241 pastore
934 2156 1110 2221 secundum
1125 2159 1236 2220 Deum

282 2258 394 2334 electo,
418 2258 469 2322 cui
488 2262 611 2341 justum
634 2269 683 2322 est
705 2259 731 2322 si
753 2258 841 2322 vobis
863 2260 969 2344 placet
990 2260 1101 2343 gratioe
1123 2268 1236 2322 vestrae

282 2360 465 2425 ulteriorem
488 2361 729 2425 accommodare
752 2360 904 2425 favorem.
950 2362 982 2425 ls
1004 2373 1053 2427 est
1073 2360 1237 2425 devotissi-

281 2485 353 2527 mus
383 2463 467 2527 filius
496 2474 601 2527 vester
632 2462 704 2526 Ric.
730 2463 892 2548 quondam
921 2464 1084 2530 Pictaven.
1117 2465 1237 2531 archid.

281 2565 572 2650 cujusjelemosynae
584 2563 786 2629 consolantur
796 2563 945 2629 ecclesias
954 2575 1135 2629 sanctorum
1145 2566 1236 2649 cujus

280 2666 448 2732 facultates
462 2680 536 2732 sunt
556 2690 729 2752 egenorum
751 2667 901 2747 subsidia,
919 2669 1008 2753 cujus
1029 2679 1167 2755 potestas
1188 2681 1237 2733 est

280 2771 519 2835 firmamentum
531 2771 675 2856 justitiae,
689 2783 722 2834 et
734 2770 910 2858 iniquitatis
921 2772 1153 2838 exterminatio.
1176 2771 1235 2836 Est

280 2884 389 2938 eutem
414 2874 462 2938 vir
485 2878 626 2959 prudens
651 2877 684 2936 in
711 2874 863 2954 consiliis,
888 2874 1041 2938 discretus
1067 2873 1101 2936 in
1126 2896 1233 2960 opere,

278 2977 443 3040 modestus
464 2976 498 3037 in
514 2975 622 3052 verbe,
636 2986 669 3039 et
691 2977 746 3062 qui
764 2977 798 3039 in
814 2976 926 3041 habitu
938 2988 971 3040 et
993 2987 1097 3060 gestu,
1109 2991 1235 3062 tempe·

278 3078 394 3143 rantiae
417 3098 561 3140 normam
585 3077 738 3163 sequitur,
763 3079 808 3143 sic
832 3079 874 3142 ad
898 3078 961 3143 Dei
987 3079 1108 3142 cultum
1134 3089 1170 3142 ut
1193 3101 1234 3143 ex

279 3179 379 3246 animi
400 3179 558 3243 sententia
579 3179 759 3267 loquamur,
773 3192 840 3246 tota
862 3193 971 3246 mente
993 3204 1161 3246 conversus
1175 3193 1233 3256 est,

280 3298 396 3348 utnon
419 3281 516 3346 modo
529 3305 586 3346 sua
608 3282 717 3347 omnia
731 3283 788 3348 sed
809 3296 843 3349 et
864 3307 897 3349 se
919 3285 1023 3371 ipsum
1047 3283 1234 3370 impendere

279 3401 409 3472 paratus
429 3385 469 3450 eit
484 3406 541 3471 pro
560 3385 632 3469 lege
649 3385 791 3451 Domini.
838 3386 890 3452 Sic
905 3400 996 3474 pater
1016 3387 1184 3463 credimus,
1201 3395 1235 3450 et

278 3489 388 3554 multis
402 3502 436 3553 et
449 3488 542 3552 certis
554 3487 651 3572 signia
666 3487 788 3553 inducti
803 3512 912 3554 sumus
925 3503 961 3554 ut
974 3489 1061 3576 quod
1072 3489 1233 3576 loquimur

279 3593 456 3657 credamus.
510 3589 670 3654 Convenit
697 3590 731 3653 in
760 3613 835 3655 eum
865 3591 965 3657 libere
994 3603 1060 3656 tota
1091 3592 1231 3658 Winton.

278 3694 423 3773 ecclesia,
448 3705 482 3756 et
502 3692 653 3755 canonice
679 3690 764 3757 lacta
789 3694 944 3758 electione
970 3693 1171 3780 postmodum
1197 3693 1232 3756 iu

279 3795 448 3882 praesentia
471 3806 576 3859 nostra
598 3805 631 3857 et
650 3793 783 3858 fratrum
806 3808 985 3860 nostrorum
1008 3796 1113 3880 regius
1132 3805 1180 3858 est
1202 3792 1234 3858 ei

281 3898 375 3962 datus
389 3920 540 3962 assensus.
588 3895 683 3975 Quod
697 3919 796 3984 quum
820 3898 968 3964 Dominis
993 3899 1106 3963 nostris
1120 3896 1234 3983 legatis

283 4001 391 4065 vestris
410 4000 609 4076 innotuisset,
624 4013 750 4084 gratum
773 4001 946 4065 admodum
962 4001 1043 4066 sicut
1066 4024 1106 4064 ex
1121 4000 1234 4066 litteris

280 4126 390 4168 eorum
413 4102 613 4189 percepimus
629 4102 825 4169 ‚habuerunt
873 4105 916 4169 Et
937 4105 1051 4169 merito
1072 4105 1148 4190 quia
1170 4125 1234 4167 non

281 4205 454 4291 apparebat
482 4205 563 4269 alius
591 4205 647 4290 qui
675 4218 741 4269 tam
768 4209 935 4271 commode
962 4220 1065 4294 posset
1091 4207 1233 4291 praefatae

281 4309 426 4374 ecclesiae
441 4310 547 4372 ruinas
562 4309 747 4384 instaurare,
764 4309 820 4394 qui
835 4310 918 4372 sedis
933 4309 1113 4396 apostolicae
1129 4320 1234 4393 posset

282 4412 367 4497 apud
391 4433 447 4475 nos
470 4426 535 4474 tarn
558 4410 727 4474 efficaciter
752 4412 886 4476 solidare
907 4412 1056 4495 vigorem.
1105 4412 1233 4497 Suppli·
