3384 5525
368 773 477 851 ilua]
753 785 934 831 nprsrorm.
1277 769 1317 826 ‘23

362 945 423 1005 bus
438 942 513 1019 suis,
529 963 569 1004 nc
585 941 617 1003 in
633 941 776 1025 partibus
791 938 855 1002 illis
870 940 983 1021 pluant
997 938 1149 1001 imbrem:
1180 946 1212 1000 et
1234 945 1269 998 tn
1283 936 1317 997 in

364 1042 484 1107 eisdem
500 1065 565 1106 non
588 1065 623 1107 es
637 1043 752 1106 veritus
775 1041 817 1105 ad
836 1039 1034 1103 stillicidium
1059 1040 1176 1104 divinae
1199 1039 1320 1120 gratiae,

364 1146 539 1227 germinare
565 1145 686 1208 fructus
710 1142 934 1207 misericordiae
957 1153 991 1206 et
1012 1164 1110 1225 opera
1132 1140 1316 1205 Salvatoris.

363 1246 570 1311 Credideram
585 1247 731 1330 profecto
754 1253 785 1307 te
799 1243 1058 1327 philosophantis
1077 1246 1196 1308 babere
1211 1243 1318 1319 verba,

363 1371 429 1412 non
455 1349 615 1412 animum:
646 1346 703 1410 sed
729 1367 815 1409 nunc
842 1346 950 1408 recolo
975 1356 1005 1409 te
1029 1346 1230 1429 aliquatenus
1249 1365 1319 1408 esse

365 1450 474 1531 magni
489 1449 685 1532 discipulum
697 1446 861 1529 Aristippi,
874 1447 929 1528 qui
944 1447 1032 1508 omni
1044 1446 1230 1509 conditione
1241 1454 1320 1509 tem·

366 1549 686 1635 porisaeqnanimiter
694 1548 852 1622 utebatur,
863 1557 896 1609 et
904 1546 937 1608 in
948 1547 1028 1629 ipsis
1037 1547 1321 1631 philosophabatur
1390 1567 1394 1578 ·

368 1650 474 1732 nugis,
485 1650 650 1734 jucundus
662 1649 821 1722 omnibus,
835 1647 915 1709 nulli
931 1648 1052 1728 gravis:
1077 1646 1132 1731 qni
1146 1647 1320 1731 aliquando

369 1752 579 1831 interrogatus
605 1751 684 1834 quid
710 1750 739 1813 ei
764 1748 970 1833 philosophia
995 1747 1178 1825 contulerit,
1204 1746 1322 1810 dicitur

367 1853 582 1936 respondisse,
597 1854 678 1915 “Ut
700 1872 773 1914 cum
793 1851 943 1912 omnibus
962 1849 1146 1912 hominibus
1165 1849 1322 1932 intrepide

365 1954 550 2018 fabularer.”
594 1956 667 2035 Ego
698 1953 877 2016 decaetero
906 1952 941 2013 in
970 1961 1001 2014 te
1024 1951 1166 2014 securius
1188 1950 1324 2014 arbitror

366 2055 605 2133 confidendum,
617 2056 693 2138 quia
706 2077 773 2118 non
789 2053 909 2117 diffidis
925 2053 966 2116 dc
982 2074 1080 2134 regno
1092 2053 1222 2117 Christi.
1249 2054 1322 2126 Qua

368 2179 426 2240 spe
441 2179 530 2240 rogo,
542 2166 587 2236 ut,
599 2159 683 2221 sicut
697 2156 834 2241 coepisti‚
846 2156 939 2219 latori
953 2156 1169 2238 praesentium,
1178 2166 1321 2219 contem·

368 2261 509 2342 piatione
523 2260 587 2322 Dei
602 2271 635 2323 et
650 2258 795 2341 obsequii
811 2257 891 2339 ejus,
899 2257 933 2319 in
948 2254 1240 2341 opportunitatibus
1254 2257 1322 2321 suis

370 2359 482 2422 adesse
504 2359 695 2436 memineris,
718 2370 823 2422 cortus
846 2357 934 2441 quod
956 2358 983 2421 si
1005 2358 1035 2421 ei
1058 2367 1184 2422 tantum
1213 2360 1321 2443 placc-

369 2471 440 2523 rent
453 2460 553 2523 literae
567 2460 748 2538 nobiscum,
765 2468 919 2542 quantum
934 2480 1009 2522 ares
1031 2470 1063 2522 et
1077 2460 1214 2523 curiales
1227 2480 1322 2541 nugoe

370 2573 489 2638 tecum,
504 2562 534 2624 si
548 2562 656 2625 omnia
675 2560 857 2624 necessaria
870 2560 1083 2625 libentissime
1100 2561 1322 2625 ministrarem.

374 2662 464 2723 Vale.

372 2917 594 2984 EPISTOLA
615 2918 871 2984 exemi—ao
883 2937 963 2982 nac.
976 2936 1154 2982 orrannum
1166 2937 1325 2984 rucanas.

744 3021 832 3101 [nn.
853 3020 963 3102 rica]

609 3154 775 3235 Magistro
792 3156 933 3219 Girnrdo
946 3156 1085 3220 Pucelle.

415 3283 522 3344 chnr
546 3279 625 3342 mihi
646 3278 778 3343 dilectio
798 3290 902 3343 vestra
922 3301 988 3342 non
1011 3280 1251 3363 praescripserit,
1266 3303 1327 3366 ego

375 3397 481 3447 tamen
504 3380 742 3465 opportunitate
766 3382 909 3455 inventa,
933 3381 1017 3444 sicut
1042 3380 1193 3445 servorem
1219 3384 1328 3463 animi,

374 3485 548 3569 praesertim
562 3483 603 3546 ad
614 3483 748 3562 amicos,
757 3493 791 3546 et
801 3483 835 3544 in
851 3482 1024 3546 assertione
1034 3480 1167 3566 justitiae
1178 3485 1328 3550 cohibere

375 3609 441 3650 non
467 3606 616 3669 possum:
656 3585 703 3647 sic
730 3607 749 3648 a
775 3584 945 3649 scribendo
966 3606 1032 3647 non
1054 3585 1144 3667 potui
1171 3588 1329 3650 calamum

376 3688 548 3752 continere.
607 3686 652 3748 Et
680 3685 813 3749 fortasse
843 3686 938 3769 plura
974 3685 1144 3749 scriberem
1176 3699 1330 3770 nostmm‚

378 3790 538 3854 Ecclesia
560 3785 739 3869 Anglorum
764 3786 851 3865 dico,
872 3787 1092 3868 contingentia
1117 3798 1245 3868 statum,
1266 3793 1332 3855 nisi

379 3893 456 3976 quia
481 3892 596 3975 opinor
625 3912 827 3954 communem
854 3901 976 3976 patrem
1000 3903 1142 3955 nostrum
1167 3892 1332 3959 dominum

380 3993 646 4059 Cantuariensem
667 3992 759 4055 vobis
781 3993 948 4077 superbis
970 3993 1097 4077 plenius
1119 3997 1333 4080 rescripsisse.
1390 4039 1393 4045 -

379 4093 592 4176 Progrediens
608 4114 669 4176 ego
684 4093 726 4156 ad
741 4094 865 4178 reliqua
879 4095 950 4158 Deo
964 4095 1121 4179 imprimis
1137 4097 1254 4177 gratias
1271 4119 1333 4179 ago

382 4199 436 4281 qui
450 4197 531 4259 mihi
553 4217 651 4280 supra
665 4205 698 4259 et
720 4205 831 4261 contra
852 4195 965 4260 merita
986 4218 1057 4260 mea
1079 4197 1169 4261 dedit
1189 4199 1224 4261 in
1246 4198 1333 4260 omni

382 4299 588 4362 tribulatione
603 4299 764 4375 solatium,
778 4309 811 4362 et
831 4320 942 4363 omnes
961 4298 1209 4362 adversariomm
1232 4296 1335 4361 tendi-

386 4400 476 4464 culas
496 4401 529 4464 in
557 4400 689 4481 gloriam
711 4422 800 4464 snam
823 4401 991 4478 convertit,
1014 4410 1046 4464 et
1072 4400 1236 4483 parvitatis
1257 4419 1338 4462 meae

1321 4748 1416 4817 ..fl
