3384 5525
383 768 490 848 lton]
767 788 945 835 nersrorm.
1299 779 1339 843 17'

377 941 443 1020 legi
465 940 529 1002 Dei
551 950 719 1022 repugnet,
733 942 760 1003 si
777 941 816 1005 de
833 945 928 1007 verbo
951 945 1017 1006 Dei
1040 947 1183 1009 nituntur
1199 970 1334 1014 consue-

377 1041 506 1104 tudines
531 1063 603 1125 quae
629 1050 782 1125 petuntur
807 1043 958 1109 adversus
988 1047 1183 1125 Ecclesiam,
1198 1050 1335 1114 libenter

375 1143 486 1206 cedet:
513 1153 546 1206 et
568 1143 609 1207 de
632 1144 883 1209 contradictione
906 1158 939 1209 et
961 1150 1129 1212 vexatione
1152 1150 1252 1233 partis
1275 1152 1331 1215 ad·

375 1266 472 1307 versae
489 1245 663 1308 satisfaciet
682 1246 798 1309 libens.
836 1250 932 1320 Quod
948 1250 975 1313 si
990 1272 1087 1315 causa
1102 1253 1171 1336 ejus
1186 1253 1333 1316 innititur

375 1347 470 1409 verbo
486 1346 562 1421 Dei,
580 1347 607 1409 si
623 1347 653 1408 ei
674 1347 825 1412 assistunt
844 1352 982 1432 apostoli
997 1362 1029 1416 et
1043 1354 1220 1437 prophetae,
1235 1376 1330 1418 nemo

374 1470 445 1511 eum
461 1457 517 1512 aut
532 1470 608 1511 suos
623 1470 681 1530 per
696 1451 826 1529 gratiam
843 1452 906 1515 Dei
921 1455 1034 1517 avellet
1048 1478 1067 1517 a
1083 1455 1146 1518 fide
1162 1456 1231 1519 ista.

415 1549 499 1613 Haec
514 1559 563 1612 est
578 1549 664 1612 enim
677 1550 709 1611 in
722 1550 907 1616 Christiano
916 1552 1095 1636 justissima
1110 1576 1208 1617 cansa
1222 1558 1328 1633 exilii;

371 1671 427 1733 pro
444 1673 509 1736 qua
522 1672 588 1713 non
611 1651 707 1714 modo
729 1654 939 1718 substantiam
962 1677 1081 1737 ponere
1102 1655 1209 1733 debet,
1225 1658 1329 1721 sedet

372 1752 510 1815 animam
525 1773 627 1816 suam.
671 1753 744 1815 Jam
766 1754 850 1816 enim
873 1756 942 1818 sola
956 1755 1108 1839 iniquitas
1124 1758 1328 1821 consuetudi-

371 1876 458 1931 num,
473 1863 506 1917 et
521 1856 656 1938 aequitas
680 1854 797 1917 divinae
821 1855 903 1938 legis
919 1858 960 1918 ab
981 1856 1115 1919 adverso
1138 1857 1328 1938 confligunt,

371 1966 402 2021 et
416 1956 457 2020 de
469 1978 567 2020 causa
578 1957 774 2039 pecuniaria,
786 1979 857 2041 quae
870 1968 946 2021 tunc
963 1957 1093 2042 quidem
1108 1959 1328 2037 simulabatur,

372 2066 402 2121 et
423 2058 457 2120 in
482 2059 611 2121 veritate
634 2060 722 2121 nulla
742 2069 820 2134 erat,
835 2082 895 2123 nec
918 2062 1038 2124 mentio
1062 2073 1119 2124 est.
1165 2062 1325 2127 Adversus

369 2160 430 2223 hoc
453 2161 555 2223 multa
577 2160 682 2243 fingit,
696 2160 907 2239 machinatur,
929 2173 961 2225 et
983 2163 1016 2224 in
1040 2164 1124 2247 pelle
1145 2166 1323 2247 vulpeculae

368 2262 494 2325 laborat
515 2261 713 2345 improbitas,
736 2261 793 2324 sed
815 2264 965 2327 mentitur
986 2263 1140 2348 iniquitas
1163 2266 1235 2341 sibi,
1257 2289 1322 2330 non

369 2362 538 2426 attendens
562 2372 617 2425 aut
642 2362 849 2426 dissimulans
873 2386 969 2447 quam
994 2365 1101 2427 suavis
1127 2376 1176 2430 est
1201 2367 1324 2430 homini

367 2465 462 2546 panis
477 2464 646 2543 mendacii,
658 2465 715 2528 sed
730 2486 788 2549 per
803 2486 841 2527 ea
856 2465 1040 2549 implebitur
1054 2489 1091 2530 os
1106 2467 1175 2551 ejus
1187 2470 1322 2533 calculo.

367 2565 431 2629 Sed
456 2567 603 2651 profecto
629 2588 729 2629 unum
754 2578 803 2629 est
828 2568 918 2650 quod
947 2591 1058 2632 omnes
1085 2570 1201 2647 mirari,
1224 2571 1322 2634 immo

367 2668 475 2732 dolere
497 2668 628 2747 debent,
646 2669 720 2731 illos
741 2669 891 2732 videlicet
913 2670 1199 2735 Cantuariensibus
1220 2674 1321 2735 exuli·

364 2772 426 2834 bns
440 2771 605 2846 insultare,
621 2792 679 2853 pro
703 2793 836 2855 quorum
860 2772 1007 2836 libertate
1024 2795 1058 2835 se
1074 2773 1321 2836 Cantuarienses

366 2872 532 2935 adomnia
554 2872 741 2936 discrimina
762 2873 968 2936 devoverunt.
1013 2874 1065 2935 Illi
1085 2895 1143 2957 pro
1160 2875 1320 2935 communi

322 3011 328 3028 ·
366 2975 513 3038 libertate
536 2984 699 3038 versantur
721 2977 755 3038 in
780 2974 942 3051 torculari,
962 2985 994 3036 et
1018 2974 1090 3057 quis
1113 2973 1211 3035 astitit
1232 2973 1320 3034 illis?

365 3075 417 3139 Illi
440 3085 592 3157 satagunt
614 3086 648 3138 ut
667 3073 839 3138 lraereditas
863 3072 1000 3135 Domini
1023 3073 1175 3135 liberetur
1189 3093 1208 3133 a
1224 3073 1319 3134 servi·

364 3188 442 3255 tute,
462 3188 496 3240 et
517 3175 558 3239 ad
579 3175 659 3238 ollas
684 3175 828 3239 earnium
851 3185 884 3237 et
905 3174 980 3237 allia
998 3173 1223 3258 AEgyptiorum
1244 3186 1318 3237 voto

364 3287 538 3355 recurrunt,
550 3278 606 3362 qui
621 3279 656 3340 in
669 3275 849 3341 libertatem
860 3278 983 3340 fuerant
995 3275 1163 3340 educendi.
1195 3278 1316 3360 Utique

363 3380 609 3444 miserabiliores
632 3386 706 3443 sunt
729 3380 880 3442 omnibus
905 3379 1065 3460 gentibus.
1111 3379 1145 3441 Si
1167 3379 1220 3441 hic
1244 3401 1317 3463 pro-

363 3483 555 3560 scribuntur,
570 3482 765 3563 affliguntur,
780 3491 812 3544 et
832 3481 1026 3565 deputantur
1043 3502 1117 3544 eum
1137 3480 1264 3564 impiis:
1290 3481 1318 3544 si

363 3584 616 3647 consolationem
638 3605 658 3647 a
679 3583 823 3645 Domino
843 3603 908 3644 non
930 3591 1115 3664 expectant,
1134 3581 1162 3642 si
1184 3582 1316 3644 exulan-

363 3685 448 3748 tibus
469 3685 666 3747 conscientia
687 3706 753 3746 non
777 3682 951 3767 respondet
972 3682 1014 3745 ad
1036 3682 1202 3745 meritum:
1234 3682 1260 3744 si
1281 3683 1315 3744 in

362 3787 663 3869 persequutionibus
679 3807 807 3850 causam
824 3806 888 3847 non
906 3784 1025 3846 habent
1037 3783 1210 3847 Christum.
1249 3784 1315 3846 De-

362 3886 443 3951 ridet
458 3908 516 3950 eos
530 3887 701 3969 pmdentia
714 3887 829 3964 carnis,
841 3908 913 3969 quae
928 3886 968 3948 ab
984 3894 1101 3946 eventu
1112 3885 1223 3947 merita
1236 3906 1315 3968 pen·

363 3999 428 4066 sat3
470 3988 528 4051 sed
554 3989 645 4052 Deus
669 3990 851 4052 consolatur
878 3985 990 4050 cosin
1018 3985 1222 4048 tribulatione
1247 4007 1315 4062 sua,

362 4089 489 4152 tandem
513 4111 723 4173 responsurus
738 4078 770 4153 et
784 4091 848 4153 illis
863 4090 918 4173 qui
938 4086 1057 4152 mundo
1080 4087 1314 4164 lenocinantur,

363 4202 392 4253 et
419 4191 590 4254 cervicalia
618 4201 753 4275 ponunt·
773 4193 833 4255 sub
865 4189 1024 4273 capitibus
1053 4188 1210 4252 universae
1239 4200 1315 4251 aeta-

363 4291 410 4366 tis,
432 4301 465 4355 et
487 4291 665 4374 pulvinaria
687 4293 747 4355 sub
771 4291 859 4354 omni
886 4290 996 4353 cubito
1022 4311 1145 4362 manus,
1169 4309 1311 4352 eommu-

362 4393 504 4456 nicantes
530 4393 832 4470 excommunicatis,
857 4391 962 4456 clares
991 4391 1150 4454 Ecclesiae
1175 4387 1313 4450 ludibrio

406 4512 479 4556 vor..
497 4513 533 4556 11.
833 4513 852 4557 e
