3384 5525
362 779 423 837 lau
632 786 768 832 soranis
786 784 1066 830 saaasosmansrs
1221 765 1266 846 [a.
1285 785 1316 829 n.

364 952 553 1008 memoratos
580 939 714 1002 honores
743 937 985 1023 pertinentium,
1011 936 1125 1001 cedere
1152 935 1321 1001 tenebatur

365 1042 493 1108 domino
510 1041 651 1105 Henrico
667 1040 732 1105 filio
753 1063 822 1116 suo,
837 1040 896 1126 qui
912 1039 986 1104 inde
1001 1038 1181 1103 hominium
1197 1050 1230 1102 et
1246 1037 1321 1102 fide-

363 1145 487 1209 litatem
513 1145 579 1227 regi
603 1143 798 1206 Francorum
825 1155 935 1206 contra
957 1164 1067 1206 omnes
1092 1141 1239 1207 homines
1260 1140 1320 1204 fac-

365 1261 457 1311 turus
479 1257 559 1317 erat,
580 1266 637 1309 nec
659 1244 782 1330 aliquid
802 1243 971 1308 debiturus
986 1243 1071 1330 patri
1087 1244 1136 1307 vel
1158 1242 1322 1322 iratribus,

362 1350 421 1413 nisi
444 1347 531 1434 quod
555 1346 656 1431 exigit
679 1347 760 1411 ratio
781 1346 887 1410 meriti
902 1345 952 1409 vel
975 1360 1110 1411 naturae.
1157 1350 1319 1411 Ducatum

364 1473 439 1514 vero
456 1448 644 1534 Aquitauiae
664 1451 733 1533 lege
750 1447 843 1511 simili
860 1471 916 1512 rex
934 1449 1078 1513 Francus
1095 1448 1238 1512 Ricardo
1256 1447 1321 1511 lilio

364 1553 447 1638 regis
474 1550 602 1636 Anglioe
627 1551 830 1632 concedebat,
858 1550 938 1615 dans
965 1552 995 1616 ei
1021 1551 1052 1614 in
1084 1550 1320 1615 matrimonium

364 1656 458 1720 filiam
476 1678 577 1731 suam,
594 1654 648 1719 sed
666 1655 732 1718 sine
749 1654 837 1731 dote,
853 1676 928 1741 quar
944 1666 1050 1719 tamen
1066 1666 1134 1719 erat
1151 1675 1213 1740 pro
1229 1653 1320 1719 libitu

364 1757 503 1842 parentis
518 1756 719 1820 donationem
741 1766 874 1841 propter
894 1756 1024 1841 nuptias
1043 1767 1228 1842 acceptura.
1272 1756 1321 1817 De

366 1859 485 1922 Tolosa
502 1882 557 1921 nec
569 1859 688 1923 mentio
702 1857 813 1922 habita
828 1870 886 1922 est.
926 1857 1049 1923 Milites
1064 1858 1120 1945 qui
1135 1857 1322 1923 altrinsecus

364 1961 450 2047 capti
471 1974 571 2033 erant,
589 1959 749 2025 debebant
771 1959 910 2037 liberari,
930 1972 962 2025 et
983 1960 1026 2025 sic
1046 1961 1238 2026 consolidari
1259 1984 1321 2048 pax

365 2077 397 2128 et
423 2061 592 2127 concordia
617 2085 740 2147 regum.
786 2064 894 2140 Quum
918 2086 993 2126 vero
1019 2087 1073 2128 rex
1102 2064 1233 2149 Angliae
1258 2062 1321 2128 roti

365 2189 494 2250 compos
513 2165 637 2230 audiret
660 2166 806 2230 comitem
830 2166 1007 2229 Henricum
1030 2166 1071 2231 ad
1093 2189 1125 2231 se
1145 2167 1265 2248 venire,
1287 2177 1322 2229 ut

364 2268 433 2330 haec
449 2266 598 2331 ineunda
613 2264 791 2329 concordiae
806 2264 911 2328 forma
923 2265 1177 2344 confirmaretur,
1188 2266 1316 2331 deman-

365 2369 455 2432 davit
477 2370 505 2431 ei
529 2391 568 2432 ne
592 2367 850 2455 progrederetur,
866 2368 1067 2453 proficiscens
1082 2368 1113 2432 iu
1132 2369 1320 2445 Pictaviam,

367 2485 402 2536 ut
421 2471 618 2535 Liziniacum
635 2484 774 2536 castrum
792 2470 932 2534 auferret
955 2470 1150 2557 proceribus,
1168 2472 1225 2558 qui
1239 2470 1319 2536 illud

366 2574 546 2638 readificare
575 2586 786 2637 convenerant
817 2586 849 2637 et
881 2573 1013 2638 munire.
1065 2575 1205 2639 Causam
1236 2596 1321 2646 vero,

366 2698 462 2763 quam
478 2697 550 2739 cum
574 2675 705 2737 Francis
726 2675 895 2749 tractabat,
912 2675 1068 2740 commisit
1084 2675 1322 2763 archiepiscopo

367 2775 616 2863 Rothomagensi
632 2789 664 2840 et
682 2775 822 2841 Ricardo
845 2777 885 2841 de
909 2779 1039 2841 Humaz
1062 2790 1095 2843 et
1118 2777 1261 2843 Ricardo
1282 2777 1321 2842 de

369 2882 449 2947 Luci
472 2878 642 2944 finiendam
661 2878 727 2942 vice
749 2902 823 2943 sua:
853 2902 989 2965 quorum
1008 2881 1192 2966 juramenta
1214 2893 1324 2946 contra

366 2987 563 3051 voluntatem
580 2981 699 3047 domini
713 2981 760 3046 sui
773 2982 887 3046 Franci
904 2984 1003 3047 nostri
1020 3006 1082 3047 uon
1095 2984 1322 3070 appreciantur

366 3089 415 3152 vel
438 3089 578 3151 obolum.
624 3084 722 3148 Unde
744 3106 799 3147 rex
826 3085 980 3161 Francus,
1003 3098 1094 3150 ratus
1116 3109 1150 3149 se
1174 3085 1319 3150 delusum

367 3213 433 3252 esse
445 3189 518 3251 dolo
533 3187 634 3272 partis
648 3187 790 3263 alterius,
805 3186 965 3252 Bituricae
980 3187 1151 3273 indignans
1161 3190 1322 3274 profectus

367 3302 432 3353 cst:
460 3289 570 3373 ibique
595 3311 612 3350 a
636 3288 822 3374 proceribus
845 3288 1048 3352 Pictavorum
1068 3289 1254 3375 juramenta
1275 3313 1322 3354 re·

367 3392 451 3473 cepit
466 3404 497 3452 et
520 3389 657 3468 obsides,
675 3389 763 3473 quod
785 3390 905 3454 nullam
929 3390 994 3453 sine
1017 3390 1150 3456 consilio
1164 3405 1196 3458 ct
1213 3394 1323 3457 volun·

367 3505 432 3556 tate
448 3491 517 3576 ejus
532 3513 604 3554 cum
621 3513 692 3574 rege
706 3491 834 3575 Angliae
849 3491 966 3557 facient
980 3493 1152 3579 pacem'eis
1166 3494 1321 3559 auxilium

367 3607 516 3657 mutuum
533 3592 769 3678 repromittens:
789 3607 821 3658 et
832 3595 1017 3679 juramento
1032 3595 1121 3659 Petri
1136 3596 1248 3660 fratris
1264 3597 1323 3677 sui,

367 3709 399 3759 et
421 3695 544 3758 comitis
568 3695 733 3780 Stephani,
748 3709 780 3760 et
799 3695 955 3760 Willelmi
977 3695 1086 3761 militis
1106 3698 1323 3775 Camoteusis,

367 3796 496 3858 firmans
518 3795 604 3882 quod
628 3819 685 3860 nec
708 3797 776 3883 ipse
797 3797 891 3863 faciet
915 3820 1037 3884 pacem,
1057 3797 1117 3862 nisi
1140 3799 1228 3865 sacta
1249 3821 1323 3886 pace

366 3919 486 3971 eorum,
503 3910 535 3961 et
550 3899 609 3961 nisi
626 3899 671 3961 eis
686 3899 897 3963 restituantur
914 3898 1030 3964 ablata.

412 3999 1323 4087 Iteratoitaqueseddiligentius,perantedictoscomites

367 4105 564 4188 Campanum
576 4115 606 4166 et
619 4103 842 4167 Flandrensem
853 4107 919 4189 egit
932 4126 988 4168 rex
998 4102 1137 4189 Angliae,
1149 4121 1186 4168 ut
1196 4104 1323 4170 alterius

364 4205 447 4291 regis
474 4206 603 4269 haberet
628 4204 841 4291 colloquium:
874 4220 906 4270 et
929 4229 1038 4292 pacem
1065 4229 1126 4292 pro
1149 4207 1265 4284 forma,
1290 4207 1321 4270 in

363 4330 459 4394 quam
476 4321 698 4382 convenerant,
712 4307 906 4372 reformaret.
946 4310 991 4372 Et
1003 4306 1134 4394 quidem
1151 4309 1186 4372 in
1202 4307 1320 4374 octavis

364 4408 495 4474 Paschae
517 4405 712 4492 colloquium
736 4408 876 4474 obtinuit
899 4408 1090 4494 optimatum
1110 4409 1319 4484 Francorum,
