3384 5525
268 743 375 822 nea]
653 760 831 807 uersronn.
1179 752 1220 809 43

266 914 388 991 ratario,
413 914 470 975 ubi
494 914 633 977 schisma
656 914 879 978 confirmatum
902 924 961 993 est,
983 926 1153 998 acceptum
1179 917 1219 979 de

266 1036 362 1077 manu
375 1014 496 1077 domiui
507 1037 601 1099 papae
617 1014 788 1100 reportavit
797 1017 1049 1080 Saresberiensis
1059 1017 1219 1081 Ecclesiae

267 1114 466 1180 decanatum.
512 1118 576 1181 Sed
598 1120 625 1182 si
647 1119 719 1203 quis
741 1140 780 1182 ea
802 1141 876 1203 quae
899 1120 1012 1182 Romae
1035 1129 1125 1201 gesta
1145 1130 1220 1183 sunt

265 1214 449 1298 diligentius
464 1220 593 1294 recolat,
604 1220 699 1302 plane
715 1219 837 1283 videbit
852 1220 940 1304 quod
955 1221 1123 1284 Romanus
1137 1242 1219 1304 pon-

264 1317 344 1381 tifex
359 1319 453 1383 etiam
467 1321 701 1384 circumventus
716 1342 846 1384 causam
856 1323 1016 1385 Ecclesiae
1032 1330 1064 1384 et
1077 1334 1219 1386 nostram

264 1418 450 1485 fidelissime
472 1423 662 1505 procuravit.
710 1424 782 1485 Jam
810 1422 917 1486 dictus
940 1423 1028 1486 enim
1054 1424 1219 1488 Johannes

264 1521 396 1585 tandem
421 1525 563 1606 proestito
582 1524 766 1607 juramento
796 1522 837 1585 de
867 1544 954 1586 more
984 1524 1160 1603 absolutus,
1182 1536 1218 1589 ut

265 1621 376 1685 itidem
398 1624 529 1706 publice
547 1624 678 1708 juravit,
694 1624 782 1708 quod
803 1625 886 1689 nihil
908 1625 942 1687 iu
964 1624 1096 1708 praefato
1119 1627 1220 1689 schis-

264 1723 453 1787 maticorum
480 1734 640 1788 conventu
663 1726 782 1789 fecerat
804 1736 914 1789 contra
940 1724 1039 1788 fidem
1061 1726 1219 1790 Ecclesiae

264 1836 297 1887 et
311 1824 465 1888 honorem
480 1835 513 1889 et
526 1824 694 1889 utilitatem
711 1825 831 1889 domini
848 1848 952 1910 papae,
968 1836 1000 1889 et
1015 1826 1137 1890 utinam
1152 1848 1219 1890 non

267 1925 454 2009 dejerasset!
478 1928 681 2011 postmodum
706 1928 984 1992 commendatitias
1011 1938 1042 1992 et
1066 1929 1219 2012 deproca-

264 2029 360 2091 torias
371 2030 513 2112 porrexit
527 2052 570 2094 ex
585 2041 674 2114 parte
691 2030 813 2094 domini
827 2032 922 2111 regis,
933 2032 1050 2115 quibus
1064 2032 1217 2094 insertum

266 2140 341 2207 erat,
357 2142 393 2195 ut
406 2132 452 2195 illi
467 2144 618 2217 tanquam
642 2134 710 2215 regi
724 2134 789 2216 ipsi
802 2134 837 2197 in
851 2132 1005 2198 omnibus
1027 2133 1216 2198 crederetur.

266 2232 393 2297 Deinde
416 2245 505 2298 tanta
528 2236 626 2301 fultus
655 2237 854 2314 auctoritate,
879 2258 1010 2300 causam
1036 2258 1109 2321 quae
1135 2235 1218 2302 inter

265 2354 371 2416 regem
388 2345 421 2398 et
434 2334 748 2421 archiepiscoporum
770 2359 866 2421 super
885 2339 990 2421 pravis
1010 2334 1217 2402 consuetudi·

264 2434 360 2497 nibus
374 2436 513 2512 vertitur,
529 2435 651 2501 domini
664 2459 758 2521 papae
773 2438 933 2501 commisit
947 2438 1088 2516 arbitrio,
1102 2447 1137 2500 ut
1152 2438 1216 2500 illae

266 2535 307 2598 ad
327 2547 441 2601 nutum
459 2538 531 2622 ejus
552 2540 786 2616 roborarentur,
801 2551 856 2602 aut
876 2539 1040 2614 caderent,
1061 2550 1094 2603 et
1113 2538 1216 2603 arohi-

266 2638 421 2720 episcopo
446 2640 488 2702 ad
513 2640 646 2703 sormam
675 2640 816 2704 mandati
845 2641 915 2725 ejus
940 2663 1007 2725 pax
1032 2639 1217 2704 omnimodo

266 2739 498 2804 reformaretur.
547 2743 592 2807 Et
619 2743 683 2807 hoc
711 2744 789 2808 item
813 2743 996 2827 juramento
1025 2743 1220 2809 confirmans

266 2841 406 2906 obtinuit
420 2852 455 2905 ut
470 2842 619 2910 dominus
633 2866 720 2928 papa
741 2846 934 2910 concederet
949 2869 982 2911 se
998 2846 1038 2910 ad
1053 2847 1115 2909 hoo
1130 2847 1215 2926 lega-

264 2953 316 3007 tos
327 2965 397 3008 esse
409 2945 588 3009 missurum.
619 2947 762 3018 Quorum
777 2947 838 3009 iter
852 2946 901 3023 (ut
912 2947 1015 3028 aiunt)
1028 2966 1218 3027 suspensum

266 3052 325 3121 ost,
333 3042 484 3127 juratoris
498 3044 610 3109 fraude
626 3054 798 3129 comperta

264 3305 485 3370 EPISTOLA
508 3306 696 3371 CCV.—rn
707 3326 804 3372 wrm.
816 3325 933 3370 suurn.
950 3323 1064 3370 accan.
1080 3323 1217 3370 onarsrr

535 3426 698 3473 carrusa.
725 3409 814 3490 [an.
832 3408 942 3489 1167.]

287 3541 385 3604 Joaa.
402 3540 528 3605 Saresb.
551 3543 713 3605 Willelmo
728 3539 903 3623 Subpriori
915 3541 1054 3605 ecclesie
1072 3540 1195 3604 orasti

663 3642 823 3707 Cautum.

307 3763 402 3826 Mun
423 3783 527 3846 nuper
547 3763 699 3845 loquutus
714 3783 749 3825 es
763 3762 796 3824 iu
812 3762 984 3844 parabolis,
999 3761 1112 3825 dicans
1133 3773 1216 3839 tuas,

265 3864 364 3928 immo
379 3864 524 3927 ecclesia
539 3884 617 3946 opes
632 3862 673 3927 de
690 3885 773 3927 novo
788 3863 981 3946 publicatas,
995 3873 1026 3926 et
1041 3862 1217 3926 studiosius

264 3964 447 4049 deprecaris
461 3987 503 4028 ne
517 3986 568 4027 me
583 3985 637 4027 eas
651 3965 805 4046 prodente
816 3964 1044 4028 transferantur
1058 3964 1091 4026 in
1108 3965 1216 4047 Baby·

263 4069 393 4132 ioniam.
441 4068 506 4132 Sed
527 4070 554 4130 si
574 4068 748 4150 publicatae
770 4076 856 4142 sunt,
877 4071 975 4130 miror
995 4088 1092 4151 quare
1113 4087 1215 4149 usque

268 4166 307 4232 ad
330 4183 451 4252 patrem
475 4191 509 4232 se
530 4189 588 4252 pro
608 4168 747 4232 filiorum
769 4171 870 4233 salute
892 4181 925 4232 et
943 4170 1088 4232 libertate
1108 4167 1216 4229 matris

266 4270 483 4350 devoventem,
499 4283 531 4333 et
540 4269 608 4353 jam
624 4271 759 4334 triennio
780 4271 928 4333 aerumnis
944 4269 1126 4352 expositum
1141 4276 1214 4328 ante

264 4369 459 4434 liberalitatis
474 4370 630 4434 beneficia
646 4393 710 4433 uon
726 4380 947 4453 pervenerunt.
993 4369 1027 4431 Si
1043 4367 1214 4450 publicatae
