3384 5525
236 705 344 830 1167i]
620 758 797 811 nmsrota.
1146 754 1186 813 83

230 920 458 1002 episcoporum
473 918 630 1002 impulsus
646 928 704 994 est,
719 940 852 1000 purgare
868 939 932 980 non
950 940 1091 1001 possum,
1109 919 1184 1001 quia

230 1044 297 1084 non
315 1021 414 1084 fuerat
432 1020 542 1103 utique
566 1020 732 1084 facienda:
764 1021 821 1084 sed
845 1021 1000 1082 offensam
1023 1020 1184 1083 confessio

230 1120 332 1200 diluit,
347 1133 481 1203 accepta
496 1121 681 1184 solemniter
695 1120 888 1205 poenitentia
903 1143 921 1183 a
937 1143 1061 1183 summo
1077 1122 1180 1203 ponti-

228 1223 291 1286 fice
311 1224 365 1306 qui
388 1244 552 1307 perversas
566 1224 636 1285 illas
654 1222 902 1286 consuetudines
925 1223 1033 1285 multis
1049 1222 1181 1286 audien·

228 1326 315 1388 tibus
330 1324 518 1388 auctoritate
534 1324 712 1407 apostolica
727 1323 965 1387 condemnavit.
1011 1324 1045 1387 Si
1067 1345 1182 1387 senon

226 1427 346 1509 ingerit
371 1425 590 1508 quaerentibus
616 1426 754 1488 animam
776 1425 857 1509 ejus,
881 1447 981 1507 quum
1005 1427 1054 1488 via
1076 1438 1183 1508 pateat

228 1528 427 1593 commodior
450 1537 483 1588 et
507 1526 672 1599 salubrior,
689 1538 772 1589 recte
797 1522 883 1604 facit,
902 1527 1128 1610 prophetarum
1151 1540 1183 1589 et

227 1632 449 1713 apostolorum
471 1628 569 1691 fretus
591 1629 760 1711 exemplo:
795 1650 895 1711 quum
917 1627 1036 1705 David,
1061 1628 1184 1704 HeliaS,

225 1734 352 1809 Petrus,
376 1742 409 1793 et
435 1729 556 1793 Paulus
582 1731 643 1793 hoc
671 1729 756 1793 idem
784 1731 898 1793 fecisse
924 1731 1077 1811 legantur.
1122 1730 1184 1793 Est

226 1834 312 1896 enim
338 1843 458 1895 tentare
491 1831 609 1905 Deum,
635 1852 670 1892 se
694 1829 800 1912 ipsum
829 1830 925 1893 certis
951 1846 982 1892 et
1009 1828 1183 1893 manifestis

227 1932 386 2016 objectare
397 1930 534 2014 periclis,
543 1951 640 2012 quum
649 1930 682 1991 in
692 1930 835 1992 Domino
845 1929 1184 2014 pateatopportunitas

231 2031 398 2097 evadendi.

269 2136 360 2196 Deus
385 2145 503 2209 autem,
527 2132 582 2215 qui
601 2129 671 2215 jam
696 2130 821 2213 incepit
842 2132 1012 2195 ecclesiam
1035 2154 1125 2195 suam
1148 2130 1182 2194 in

224 2236 329 2320 capite
341 2235 511 2312 consolari,
522 2255 580 2317 per
595 2233 843 2297 misericordiam
860 2255 949 2297 suam
966 2234 1182 2297 consolidabit

225 2351 258 2403 et
279 2340 436 2401 membra:
464 2348 496 2401 et
511 2337 566 2419 qui
586 2336 801 2400 Teutonicum
816 2347 987 2420 tyrannum
1003 2337 1179 2400 schismati-

225 2462 334 2505 corum
357 2438 533 2523 principem
551 2437 659 2518 coegit
679 2439 720 2501 ab
737 2439 815 2500 urbe
836 2438 986 2502 recedere
1002 2439 1181 2516 confusum,

225 2543 295 2624 ipse
311 2542 475 2605 dominum
490 2561 598 2621 regem
612 2541 790 2621 Anglorum
814 2540 915 2621 gratia
930 2561 988 2603 sua
1004 2540 1136 2604 reducet
1150 2550 1182 2603 et

224 2643 366 2708 deducet
394 2644 428 2704 in
455 2644 537 2704 viam
564 2652 695 2720 rectam,
721 2653 756 2704 ut
782 2642 823 2706 de
848 2653 963 2727 caetero
990 2643 1181 2706 consiliariis

223 2746 319 2809 malis
329 2766 395 2807 non
410 2744 604 2827 acquiescat.
646 2744 702 2822 Et,
714 2743 740 2808 si
756 2744 923 2826 astrologis
936 2743 1074 2809 creditur
1089 2744 1181 2828 (quos

222 2859 334 2912 tamen
350 2866 409 2926 ego
430 2866 495 2907 non
511 2844 645 2906 multum
669 2845 777 2908 audire
798 2845 924 2928 dignor)
941 2867 1043 2909 annus
1061 2846 1122 2909 iste
1138 2867 1181 2908 ex

225 2951 330 3012 forma
354 2945 607 3009 constellationis
623 2945 740 3009 dicitur
755 2968 824 3010 esse
839 2947 1016 3010 mirabilis:
1047 2958 1079 3011 et
1094 2949 1128 3010 in
1143 2969 1181 3010 eo

221 3071 336 3129 regum
362 3047 496 3112 consilia
524 3049 741 3124 mutabuntur,
768 3061 800 3111 et
827 3048 862 3110 in
892 3050 968 3111 orbe
999 3051 1182 3113 crebescent

225 3152 323 3226 bella,
339 3150 472 3213 fervebit
487 3160 569 3213 terra
589 3149 813 3228 seditionibus,
828 3149 1046 3235 deprimentur
1060 3148 1181 3215 mercu-

222 3252 329 3330 riales,
355 3250 411 3314 sed
437 3260 542 3314 tamen
570 3252 604 3316 in
632 3251 699 3316 fine
726 3252 802 3316 anni
828 3253 1060 3317 relevabuntur.
1104 3255 1178 3336 Ego

220 3364 327 3417 tamen
340 3355 410 3417 baec
433 3356 560 3418 somnia
580 3378 663 3420 vana
684 3368 771 3440 puto,
788 3357 869 3419 lieet
885 3377 942 3439 pro
959 3366 1049 3440 parte
1069 3380 1178 3421 rerum

220 3455 341 3519 dixisse
357 3456 531 3520 videantur.
577 3458 735 3522 Obierunt
752 3458 837 3522 enim
854 3460 1026 3523 consiliarii
1040 3461 1179 3545 impera·

220 3558 309 3636 toris,
323 3558 524 3639 Raginaldus
540 3558 743 3623 Coloniensis
764 3562 1037 3645 archiepiscopus,
1052 3576 1084 3626 et
1106 3565 1178 3627 Ma-

220 3655 372 3741 gontinus
392 3661 542 3740 intrusus,
566 3661 767 3740 Leodiensis,
782 3672 814 3726 et
829 3664 1077 3747 Ratisponensis
1091 3666 1176 3749 epis-

220 3763 307 3843 copi,
322 3772 353 3824 et
372 3762 480 3843 plures
498 3763 695 3827 schismatici
715 3763 886 3847 principes.
931 3766 1025 3829 Bella
1045 3776 1078 3829 et
1093 3767 1177 3831 sedi·

218 3863 323 3925 tiones
339 3862 456 3946 ubique
471 3863 605 3940 fervent,
619 3863 823 3927 mercuriales
839 3863 919 3928 adeo
936 3865 1077 3948 depressi
1089 3872 1178 3944 sunt,

219 3970 258 4027 ut
280 3964 438 4041 Francia,
457 3967 602 4028 omnium
625 3967 794 4030 mitissima
814 3973 845 4028 et
868 3969 1054 4031 civilissima
1076 3971 1178 4034 natio·

219 4087 309 4142 num,
325 4067 519 4149 alienigenas
540 4068 703 4132 scholares
725 4068 880 4150 abegerit.
926 4070 987 4134 Est
1002 4082 1034 4135 et
1057 4074 1176 4136 revela·

219 4168 317 4231 tionis
338 4180 558 4250 argumentum
575 4170 662 4254 quod
687 4171 800 4235 seditio
815 4173 987 4238 Remensis
1007 4176 1180 4259 pacificata

220 4279 279 4343 est,
307 4280 340 4332 et
369 4271 456 4334 urbis
486 4273 591 4336 soluta
621 4284 670 4335 est
694 4273 833 4337 obsidio.
879 4278 975 4340 Hanc
1002 4277 1087 4339 enim
1117 4276 1179 4337 sibi

221 4372 467 4450 germanitatem
491 4371 537 4452 (ut
559 4374 658 4455 aiunt)
682 4375 733 4438 hae
758 4375 830 4439 duae
846 4379 1003 4445 exhibent
1024 4376 1179 4450 civitates,

674 4482 732 4539 οἳ
