<?xml version="1.0" encoding="UTF-8"?>
<!DOCTYPE html PUBLIC "-//W3C//DTD XHTML 1.0 Transitional//EN"
    "http://www.w3.org/TR/xhtml1/DTD/xhtml1-transitional.dtd">
<html xmlns="http://www.w3.org/1999/xhtml" xml:lang="en" lang="en">
 <head>
  <title>
</title>
<meta http-equiv="Content-Type" content="text/html;charset=utf-8" />
  <meta name='ocr-system' content='tesseract 3.04.00' />
  <meta name='ocr-capabilities' content='ocr_page ocr_carea ocr_par ocr_line ocrx_word'/>
</head>
<body>
  <div class='ocr_page' id='page_1' title='image "./joannissaresber05johngoog_0054.png"; bbox 0 0 3384 5525; ppageno 0'>
   <div class='ocr_carea' id='block_1_1' title="bbox 464 783 1431 863">
    <p class='ocr_par' dir='ltr' id='par_1_1' title="bbox 464 783 1431 863">
     <span class='ocr_line' id='line_1_1' title="bbox 464 783 1431 863; baseline -0.005 -12"><span class='ocrx_word' id='word_1_1' title='bbox 464 794 504 851; x_wconf 76' lang='grc'>36</span> <span class='ocrx_word' id='word_1_2' title='bbox 720 808 856 852; x_wconf 77' lang='lat' dir='ltr'>scansis</span> <span class='ocrx_word' id='word_1_3' title='bbox 873 803 1155 851; x_wconf 77' lang='lat' dir='ltr'>saussusumssrs</span> <span class='ocrx_word' id='word_1_4' title='bbox 1326 783 1377 863; x_wconf 77' lang='grc' dir='ltr'>[Δ.</span> <span class='ocrx_word' id='word_1_5' title='bbox 1395 800 1431 846; x_wconf 88' lang='lat' dir='ltr'>n.</span> 
     </span>
    </p>
   </div>
   <div class='ocr_carea' id='block_1_2' title="bbox 466 953 1440 3966">
    <p class='ocr_par' dir='ltr' id='par_1_2' title="bbox 466 953 1434 1141">
     <span class='ocr_line' id='line_1_2' title="bbox 466 953 1434 1042; baseline -0.007 -19"><span class='ocrx_word' id='word_1_6' title='bbox 466 960 643 1023; x_wconf 77' lang='lat' dir='ltr'>institeritis</span> <span class='ocrx_word' id='word_1_7' title='bbox 662 959 821 1024; x_wconf 88' lang='lat' dir='ltr'>mandatis</span> <span class='ocrx_word' id='word_1_8' title='bbox 841 958 910 1042; x_wconf 85' lang='lat' dir='ltr'>ejus</span> <span class='ocrx_word' id='word_1_9' title='bbox 933 955 1084 1040; x_wconf 89' lang='lat' dir='ltr'>subjiciet</span> <span class='ocrx_word' id='word_1_10' title='bbox 1106 958 1196 1021; x_wconf 81' lang='lat' dir='ltr'>robis</span> <span class='ocrx_word' id='word_1_11' title='bbox 1218 966 1273 1019; x_wconf 87' lang='lat' dir='ltr'>ant</span> <span class='ocrx_word' id='word_1_12' title='bbox 1294 953 1434 1017; x_wconf 91' lang='lat' dir='ltr'>omnino</span> 
     </span>
     <span class='ocr_line' id='line_1_3' title="bbox 467 1058 605 1141; baseline 0.007 -20"><span class='ocrx_word' id='word_1_13' title='bbox 467 1058 605 1141; x_wconf 82' lang='lat' dir='ltr'>dejiciet.</span> 
     </span>
    </p>

    <p class='ocr_par' dir='ltr' id='par_1_3' title="bbox 467 1160 1440 3966">
     <span class='ocr_line' id='line_1_4' title="bbox 512 1160 1430 1244; baseline -0.003 -21"><span class='ocrx_word' id='word_1_14' title='bbox 512 1160 673 1241; x_wconf 81' lang='lat' dir='ltr'>Dignetur</span> <span class='ocrx_word' id='word_1_15' title='bbox 687 1182 762 1242; x_wconf 79' lang='lat' dir='ltr'>ergo</span> <span class='ocrx_word' id='word_1_16' title='bbox 778 1164 933 1226; x_wconf 79' lang='lat' dir='ltr'>sanctitas</span> <span class='ocrx_word' id='word_1_17' title='bbox 949 1173 1062 1237; x_wconf 80' lang='lat' dir='ltr'>restra,</span> <span class='ocrx_word' id='word_1_18' title='bbox 1077 1160 1163 1243; x_wconf 86' lang='lat' dir='ltr'>apud</span> <span class='ocrx_word' id='word_1_19' title='bbox 1179 1180 1275 1244; x_wconf 88' lang='lat' dir='ltr'>qnam</span> <span class='ocrx_word' id='word_1_20' title='bbox 1292 1168 1430 1221; x_wconf 90' lang='lat' dir='ltr'>nonest</span> 
     </span>
     <span class='ocr_line' id='line_1_5' title="bbox 468 1260 1427 1345; baseline -0.002 -21"><span class='ocrx_word' id='word_1_21' title='bbox 468 1262 613 1344; x_wconf 86' lang='lat' dir='ltr'>acceptio</span> <span class='ocrx_word' id='word_1_22' title='bbox 636 1283 854 1344; x_wconf 87' lang='lat' dir='ltr'>personarum,</span> <span class='ocrx_word' id='word_1_23' title='bbox 879 1263 1045 1327; x_wconf 90' lang='lat' dir='ltr'>dominum</span> <span class='ocrx_word' id='word_1_24' title='bbox 1068 1262 1169 1340; x_wconf 89' lang='lat' dir='ltr'>illum,</span> <span class='ocrx_word' id='word_1_25' title='bbox 1191 1261 1248 1345; x_wconf 89' lang='lat' dir='ltr'>qni</span> <span class='ocrx_word' id='word_1_26' title='bbox 1271 1260 1427 1341; x_wconf 78' lang='lat' dir='ltr'>Anglica-</span> 
     </span>
     <span class='ocr_line' id='line_1_6' title="bbox 467 1360 1430 1446; baseline -0.004 -20"><span class='ocrx_word' id='word_1_27' title='bbox 467 1384 541 1426; x_wconf 89' lang='lat' dir='ltr'>nam</span> <span class='ocrx_word' id='word_1_28' title='bbox 561 1366 733 1427; x_wconf 88' lang='lat' dir='ltr'>conculcat</span> <span class='ocrx_word' id='word_1_29' title='bbox 756 1366 936 1442; x_wconf 87' lang='lat' dir='ltr'>ecclesiam,</span> <span class='ocrx_word' id='word_1_30' title='bbox 952 1364 1085 1427; x_wconf 90' lang='lat' dir='ltr'>domino</span> <span class='ocrx_word' id='word_1_31' title='bbox 1107 1384 1200 1446; x_wconf 87' lang='lat' dir='ltr'>pepae</span> <span class='ocrx_word' id='word_1_32' title='bbox 1223 1372 1256 1425; x_wconf 89' lang='lat' dir='ltr'>et</span> <span class='ocrx_word' id='word_1_33' title='bbox 1277 1360 1430 1424; x_wconf 79' lang='lat' dir='ltr'>fratribus</span> 
     </span>
     <span class='ocr_line' id='line_1_7' title="bbox 468 1462 1429 1547; baseline 0 -24"><span class='ocrx_word' id='word_1_34' title='bbox 468 1464 580 1529; x_wconf 80' lang='lat' dir='ltr'>vestris</span> <span class='ocrx_word' id='word_1_35' title='bbox 597 1468 694 1529; x_wconf 84' lang='lat' dir='ltr'>verba</span> <span class='ocrx_word' id='word_1_36' title='bbox 704 1468 846 1531; x_wconf 86' lang='lat' dir='ltr'>veritatis</span> <span class='ocrx_word' id='word_1_37' title='bbox 860 1479 892 1531; x_wconf 87' lang='lat' dir='ltr'>et</span> <span class='ocrx_word' id='word_1_38' title='bbox 906 1467 1034 1530; x_wconf 86' lang='lat' dir='ltr'>virtutis</span> <span class='ocrx_word' id='word_1_39' title='bbox 1045 1464 1221 1547; x_wconf 81' lang='lat' dir='ltr'>ingerendo</span> <span class='ocrx_word' id='word_1_40' title='bbox 1235 1462 1429 1546; x_wconf 82' lang='lat' dir='ltr'>reprimere:</span> 
     </span>
     <span class='ocr_line' id='line_1_8' title="bbox 469 1563 1427 1650; baseline -0.005 -21"><span class='ocrx_word' id='word_1_41' title='bbox 469 1567 545 1650; x_wconf 90' lang='lat' dir='ltr'>quia</span> <span class='ocrx_word' id='word_1_42' title='bbox 560 1567 587 1631; x_wconf 90' lang='lat' dir='ltr'>si</span> <span class='ocrx_word' id='word_1_43' title='bbox 603 1568 740 1631; x_wconf 89' lang='lat' dir='ltr'>ecclesia</span> <span class='ocrx_word' id='word_1_44' title='bbox 762 1568 910 1632; x_wconf 86' lang='lat' dir='ltr'>Romana</span> <span class='ocrx_word' id='word_1_45' title='bbox 933 1566 1080 1643; x_wconf 86' lang='lat' dir='ltr'>voluerit,</span> <span class='ocrx_word' id='word_1_46' title='bbox 1093 1578 1126 1629; x_wconf 92' lang='lat' dir='ltr'>et</span> <span class='ocrx_word' id='word_1_47' title='bbox 1146 1563 1187 1628; x_wconf 90' lang='lat' dir='ltr'>de</span> <span class='ocrx_word' id='word_1_48' title='bbox 1203 1563 1346 1628; x_wconf 93' lang='lat' dir='ltr'>Domino</span> <span class='ocrx_word' id='word_1_49' title='bbox 1362 1581 1427 1625; x_wconf 89' lang='lat' dir='ltr'>non</span> 
     </span>
     <span class='ocr_line' id='line_1_9' title="bbox 470 1664 1430 1754; baseline -0.004 -23"><span class='ocrx_word' id='word_1_50' title='bbox 470 1668 604 1744; x_wconf 89' lang='lat' dir='ltr'>diffidat,</span> <span class='ocrx_word' id='word_1_51' title='bbox 619 1691 691 1733; x_wconf 92' lang='lat' dir='ltr'>eum</span> <span class='ocrx_word' id='word_1_52' title='bbox 708 1671 801 1734; x_wconf 85' lang='lat' dir='ltr'>facile</span> <span class='ocrx_word' id='word_1_53' title='bbox 822 1666 1033 1754; x_wconf 87' lang='lat' dir='ltr'>perdomabit,</span> <span class='ocrx_word' id='word_1_54' title='bbox 1050 1666 1107 1730; x_wconf 88' lang='lat' dir='ltr'>sed</span> <span class='ocrx_word' id='word_1_55' title='bbox 1122 1665 1253 1750; x_wconf 87' lang='lat' dir='ltr'>quidem</span> <span class='ocrx_word' id='word_1_56' title='bbox 1266 1686 1335 1728; x_wconf 89' lang='lat' dir='ltr'>non</span> <span class='ocrx_word' id='word_1_57' title='bbox 1351 1664 1430 1727; x_wconf 85' lang='lat' dir='ltr'>isto·</span> 
     </span>
     <span class='ocr_line' id='line_1_10' title="bbox 469 1765 1430 1852; baseline -0.005 -20"><span class='ocrx_word' id='word_1_58' title='bbox 469 1790 537 1832; x_wconf 89' lang='lat' dir='ltr'>rum</span> <span class='ocrx_word' id='word_1_59' title='bbox 562 1771 736 1833; x_wconf 88' lang='lat' dir='ltr'>ministerio</span> <span class='ocrx_word' id='word_1_60' title='bbox 765 1771 953 1852; x_wconf 81' lang='lat' dir='ltr'>legatorum,</span> <span class='ocrx_word' id='word_1_61' title='bbox 975 1770 1037 1832; x_wconf 90' lang='lat' dir='ltr'>nisi</span> <span class='ocrx_word' id='word_1_62' title='bbox 1061 1768 1124 1831; x_wconf 83' lang='lat' dir='ltr'>alis</span> <span class='ocrx_word' id='word_1_63' title='bbox 1145 1768 1197 1830; x_wconf 84' lang='lat' dir='ltr'>via</span> <span class='ocrx_word' id='word_1_64' title='bbox 1220 1765 1430 1830; x_wconf 83' lang='lat' dir='ltr'>incesserint:</span> 
     </span>
     <span class='ocr_line' id='line_1_11' title="bbox 469 1867 1430 1953; baseline -0.005 -20"><span class='ocrx_word' id='word_1_65' title='bbox 469 1891 569 1953; x_wconf 89' lang='lat' dir='ltr'>quum</span> <span class='ocrx_word' id='word_1_66' title='bbox 583 1893 641 1933; x_wconf 82' lang='lat' dir='ltr'>rex</span> <span class='ocrx_word' id='word_1_67' title='bbox 663 1871 717 1932; x_wconf 89' lang='lat' dir='ltr'>ille</span> <span class='ocrx_word' id='word_1_68' title='bbox 740 1870 781 1932; x_wconf 94' lang='lat' dir='ltr'>de</span> <span class='ocrx_word' id='word_1_69' title='bbox 803 1872 905 1934; x_wconf 87' lang='lat' dir='ltr'>altero</span> <span class='ocrx_word' id='word_1_70' title='bbox 925 1893 1033 1933; x_wconf 84' lang='lat' dir='ltr'>eorum</span> <span class='ocrx_word' id='word_1_71' title='bbox 1057 1878 1229 1952; x_wconf 75' lang='lat' dir='ltr'>praesumat</span> <span class='ocrx_word' id='word_1_72' title='bbox 1243 1867 1430 1951; x_wconf 89' lang='lat' dir='ltr'>plurimum,</span> 
     </span>
     <span class='ocr_line' id='line_1_12' title="bbox 469 1966 1431 2054; baseline -0.004 -21"><span class='ocrx_word' id='word_1_73' title='bbox 469 1991 564 2054; x_wconf 91' lang='lat' dir='ltr'>quem</span> <span class='ocrx_word' id='word_1_74' title='bbox 587 1971 700 2052; x_wconf 88' lang='lat' dir='ltr'>petivit</span> <span class='ocrx_word' id='word_1_75' title='bbox 725 1992 768 2033; x_wconf 89' lang='lat' dir='ltr'>ex</span> <span class='ocrx_word' id='word_1_76' title='bbox 797 1973 938 2036; x_wconf 91' lang='lat' dir='ltr'>nomine.</span> <span class='ocrx_word' id='word_1_77' title='bbox 984 1972 1054 2034; x_wconf 88' lang='lat' dir='ltr'>Nec</span> <span class='ocrx_word' id='word_1_78' title='bbox 1082 1979 1185 2033; x_wconf 91' lang='lat' dir='ltr'>tutum</span> <span class='ocrx_word' id='word_1_79' title='bbox 1212 1989 1283 2032; x_wconf 86' lang='lat' dir='ltr'>esse</span> <span class='ocrx_word' id='word_1_80' title='bbox 1306 1966 1431 2031; x_wconf 90' lang='lat' dir='ltr'>ducunt</span> 
     </span>
     <span class='ocr_line' id='line_1_13' title="bbox 470 2065 1429 2154; baseline -0.002 -23"><span class='ocrx_word' id='word_1_81' title='bbox 470 2071 563 2132; x_wconf 91' lang='lat' dir='ltr'>multi</span> <span class='ocrx_word' id='word_1_82' title='bbox 578 2071 739 2152; x_wconf 88' lang='lat' dir='ltr'>sapientes</span> <span class='ocrx_word' id='word_1_83' title='bbox 760 2083 793 2134; x_wconf 91' lang='lat' dir='ltr'>et</span> <span class='ocrx_word' id='word_1_84' title='bbox 813 2072 954 2154; x_wconf 83' lang='lat' dir='ltr'>religiosi</span> <span class='ocrx_word' id='word_1_85' title='bbox 978 2072 1010 2132; x_wconf 88' lang='lat' dir='ltr'>in</span> <span class='ocrx_word' id='word_1_86' title='bbox 1032 2070 1085 2133; x_wconf 88' lang='lat' dir='ltr'>tali</span> <span class='ocrx_word' id='word_1_87' title='bbox 1106 2070 1178 2133; x_wconf 89' lang='lat' dir='ltr'>loco</span> <span class='ocrx_word' id='word_1_88' title='bbox 1199 2080 1232 2131; x_wconf 90' lang='lat' dir='ltr'>et</span> <span class='ocrx_word' id='word_1_89' title='bbox 1252 2077 1344 2132; x_wconf 83' lang='lat' dir='ltr'>tanto</span> <span class='ocrx_word' id='word_1_90' title='bbox 1365 2065 1429 2130; x_wconf 86' lang='lat' dir='ltr'>dis·</span> 
     </span>
     <span class='ocr_line' id='line_1_14' title="bbox 470 2166 1428 2257; baseline -0.002 -24"><span class='ocrx_word' id='word_1_91' title='bbox 470 2172 600 2234; x_wconf 84' lang='lat' dir='ltr'>crimine</span> <span class='ocrx_word' id='word_1_92' title='bbox 618 2173 731 2235; x_wconf 89' lang='lat' dir='ltr'>subeo</span> <span class='ocrx_word' id='word_1_93' title='bbox 745 2172 857 2257; x_wconf 91' lang='lat' dir='ltr'>judice</span> <span class='ocrx_word' id='word_1_94' title='bbox 879 2194 1007 2237; x_wconf 83' lang='lat' dir='ltr'>catrsam</span> <span class='ocrx_word' id='word_1_95' title='bbox 1030 2172 1175 2236; x_wconf 86' lang='lat' dir='ltr'>ecclesiae</span> <span class='ocrx_word' id='word_1_96' title='bbox 1197 2168 1356 2246; x_wconf 79' lang='lat' dir='ltr'>ventilari,</span> <span class='ocrx_word' id='word_1_97' title='bbox 1372 2166 1428 2252; x_wconf 90' lang='lat' dir='ltr'>qui</span> 
     </span>
     <span class='ocr_line' id='line_1_15' title="bbox 472 2273 1429 2357; baseline -0.002 -22"><span class='ocrx_word' id='word_1_98' title='bbox 472 2273 580 2357; x_wconf 81' lang='lat' dir='ltr'>Papiae</span> <span class='ocrx_word' id='word_1_99' title='bbox 603 2275 688 2337; x_wconf 92' lang='lat' dir='ltr'>inter</span> <span class='ocrx_word' id='word_1_100' title='bbox 710 2285 875 2357; x_wconf 80' lang='lat' dir='ltr'>cognatos,</span> <span class='ocrx_word' id='word_1_101' title='bbox 898 2276 1030 2352; x_wconf 86' lang='lat' dir='ltr'>amicos,</span> <span class='ocrx_word' id='word_1_102' title='bbox 1052 2285 1084 2338; x_wconf 92' lang='lat' dir='ltr'>et</span> <span class='ocrx_word' id='word_1_103' title='bbox 1106 2285 1200 2336; x_wconf 89' lang='lat' dir='ltr'>notos</span> <span class='ocrx_word' id='word_1_104' title='bbox 1221 2291 1378 2356; x_wconf 73' lang='lat' dir='ltr'>praesens,</span> <span class='ocrx_word' id='word_1_105' title='bbox 1397 2280 1429 2334; x_wconf 89' lang='lat' dir='ltr'>et</span> 
     </span>
     <span class='ocr_line' id='line_1_16' title="bbox 473 2371 1428 2459; baseline -0.002 -23"><span class='ocrx_word' id='word_1_106' title='bbox 473 2375 570 2437; x_wconf 89' lang='lat' dir='ltr'>silens</span> <span class='ocrx_word' id='word_1_107' title='bbox 586 2376 625 2438; x_wconf 89' lang='lat' dir='ltr'>ad</span> <span class='ocrx_word' id='word_1_108' title='bbox 644 2377 866 2440; x_wconf 89' lang='lat' dir='ltr'>minus—nam</span> <span class='ocrx_word' id='word_1_109' title='bbox 884 2378 937 2440; x_wconf 89' lang='lat' dir='ltr'>alii</span> <span class='ocrx_word' id='word_1_110' title='bbox 953 2376 1041 2441; x_wconf 92' lang='lat' dir='ltr'>aliud</span> <span class='ocrx_word' id='word_1_111' title='bbox 1058 2371 1428 2459; x_wconf 63' lang='lat' dir='ltr'>suspicantur—audivit</span> 
     </span>
     <span class='ocr_line' id='line_1_17' title="bbox 471 2477 1427 2563; baseline -0.002 -24"><span class='ocrx_word' id='word_1_112' title='bbox 471 2489 504 2539; x_wconf 88' lang='lat' dir='ltr'>et</span> <span class='ocrx_word' id='word_1_113' title='bbox 525 2478 603 2541; x_wconf 81' lang='lat' dir='ltr'>vidit</span> <span class='ocrx_word' id='word_1_114' title='bbox 625 2480 770 2542; x_wconf 73' lang='lat' dir='ltr'>ecclesia:</span> <span class='ocrx_word' id='word_1_115' title='bbox 792 2480 959 2555; x_wconf 78' lang='lat' dir='ltr'>Romamn,</span> <span class='ocrx_word' id='word_1_116' title='bbox 974 2479 1066 2563; x_wconf 89' lang='lat' dir='ltr'>cujus</span> <span class='ocrx_word' id='word_1_117' title='bbox 1086 2486 1135 2541; x_wconf 88' lang='lat' dir='ltr'>est</span> <span class='ocrx_word' id='word_1_118' title='bbox 1154 2477 1343 2554; x_wconf 87' lang='lat' dir='ltr'>membrum,</span> <span class='ocrx_word' id='word_1_119' title='bbox 1359 2488 1427 2538; x_wconf 87' lang='lat' dir='ltr'>tan·</span> 
     </span>
     <span class='ocr_line' id='line_1_18' title="bbox 472 2576 1426 2665; baseline -0.003 -23"><span class='ocrx_word' id='word_1_120' title='bbox 472 2592 538 2642; x_wconf 89' lang='lat' dir='ltr'>tum</span> <span class='ocrx_word' id='word_1_121' title='bbox 559 2580 628 2642; x_wconf 86' lang='lat' dir='ltr'>fieri</span> <span class='ocrx_word' id='word_1_122' title='bbox 644 2580 878 2665; x_wconf 70' lang='lat' dir='ltr'>praejudicium,</span> <span class='ocrx_word' id='word_1_123' title='bbox 894 2593 927 2644; x_wconf 88' lang='lat' dir='ltr'>et</span> <span class='ocrx_word' id='word_1_124' title='bbox 947 2602 1075 2644; x_wconf 89' lang='lat' dir='ltr'>causam</span> <span class='ocrx_word' id='word_1_125' title='bbox 1095 2578 1171 2643; x_wconf 88' lang='lat' dir='ltr'>fidei</span> <span class='ocrx_word' id='word_1_126' title='bbox 1195 2576 1327 2662; x_wconf 90' lang='lat' dir='ltr'>publice</span> <span class='ocrx_word' id='word_1_127' title='bbox 1349 2596 1426 2640; x_wconf 89' lang='lat' dir='ltr'>con·</span> 
     </span>
     <span class='ocr_line' id='line_1_19' title="bbox 473 2674 1440 2750; baseline -0.002 -8"><span class='ocrx_word' id='word_1_128' title='bbox 473 2681 625 2744; x_wconf 87' lang='lat' dir='ltr'>demnari.</span> <span class='ocrx_word' id='word_1_129' title='bbox 660 2684 735 2745; x_wconf 90' lang='lat' dir='ltr'>Non</span> <span class='ocrx_word' id='word_1_130' title='bbox 753 2683 837 2744; x_wconf 87' lang='lat' dir='ltr'>enim</span> <span class='ocrx_word' id='word_1_131' title='bbox 855 2682 994 2745; x_wconf 85' lang='lat' dir='ltr'>creditur</span> <span class='ocrx_word' id='word_1_132' title='bbox 1008 2702 1095 2745; x_wconf 91' lang='lat' dir='ltr'>nunc</span> <span class='ocrx_word' id='word_1_133' title='bbox 1112 2693 1167 2744; x_wconf 85' lang='lat' dir='ltr'>eut</span> <span class='ocrx_word' id='word_1_134' title='bbox 1181 2679 1245 2743; x_wconf 86' lang='lat' dir='ltr'>fide</span> <span class='ocrx_word' id='word_1_135' title='bbox 1260 2674 1440 2750; x_wconf 83' lang='lat' dir='ltr'>sincerior,¹</span> 
     </span>
     <span class='ocr_line' id='line_1_20' title="bbox 472 2783 1428 2862; baseline 0 -16"><span class='ocrx_word' id='word_1_136' title='bbox 472 2795 526 2847; x_wconf 84' lang='lat' dir='ltr'>aut</span> <span class='ocrx_word' id='word_1_137' title='bbox 541 2787 671 2849; x_wconf 86' lang='lat' dir='ltr'>caritate</span> <span class='ocrx_word' id='word_1_138' title='bbox 690 2786 870 2862; x_wconf 74' lang='lat' dir='ltr'>feruentior,</span> <span class='ocrx_word' id='word_1_139' title='bbox 885 2798 941 2849; x_wconf 90' lang='lat' dir='ltr'>aut</span> <span class='ocrx_word' id='word_1_140' title='bbox 957 2787 1068 2848; x_wconf 83' lang='lat' dir='ltr'>virtuto</span> <span class='ocrx_word' id='word_1_141' title='bbox 1091 2783 1297 2860; x_wconf 88' lang='lat' dir='ltr'>constantior,</span> <span class='ocrx_word' id='word_1_142' title='bbox 1313 2801 1428 2846; x_wconf 81' lang='lat' dir='ltr'>novam</span> 
     </span>
     <span class='ocr_line' id='line_1_21' title="bbox 471 2884 1428 2968; baseline -0.004 -19"><span class='ocrx_word' id='word_1_143' title='bbox 471 2908 512 2950; x_wconf 86' lang='lat' dir='ltr'>ex</span> <span class='ocrx_word' id='word_1_144' title='bbox 536 2889 601 2950; x_wconf 91' lang='lat' dir='ltr'>alto</span> <span class='ocrx_word' id='word_1_145' title='bbox 624 2887 840 2951; x_wconf 80' lang='lat' dir='ltr'>fortitudinem</span> <span class='ocrx_word' id='word_1_146' title='bbox 865 2887 1020 2957; x_wconf 83' lang='lat' dir='ltr'>induisse,</span> <span class='ocrx_word' id='word_1_147' title='bbox 1045 2897 1079 2948; x_wconf 93' lang='lat' dir='ltr'>ut</span> <span class='ocrx_word' id='word_1_148' title='bbox 1104 2907 1170 2949; x_wconf 91' lang='lat' dir='ltr'>non</span> <span class='ocrx_word' id='word_1_149' title='bbox 1193 2884 1296 2968; x_wconf 89' lang='lat' dir='ltr'>possit</span> <span class='ocrx_word' id='word_1_150' title='bbox 1318 2903 1428 2947; x_wconf 86' lang='lat' dir='ltr'>mune-</span> 
     </span>
     <span class='ocr_line' id='line_1_22' title="bbox 471 2987 1427 3070; baseline -0.004 -20"><span class='ocrx_word' id='word_1_151' title='bbox 471 2989 557 3053; x_wconf 87' lang='lat' dir='ltr'>ribus</span> <span class='ocrx_word' id='word_1_152' title='bbox 571 3003 626 3055; x_wconf 87' lang='lat' dir='ltr'>aut</span> <span class='ocrx_word' id='word_1_153' title='bbox 637 3002 725 3054; x_wconf 86' lang='lat' dir='ltr'>metu</span> <span class='ocrx_word' id='word_1_154' title='bbox 740 2992 837 3068; x_wconf 88' lang='lat' dir='ltr'>llecti,</span> <span class='ocrx_word' id='word_1_155' title='bbox 849 3003 903 3053; x_wconf 88' lang='lat' dir='ltr'>aut</span> <span class='ocrx_word' id='word_1_156' title='bbox 915 2990 1016 3069; x_wconf 82' lang='lat' dir='ltr'>gratia</span> <span class='ocrx_word' id='word_1_157' title='bbox 1027 2987 1232 3070; x_wconf 88' lang='lat' dir='ltr'>bomiuisqni</span> <span class='ocrx_word' id='word_1_158' title='bbox 1241 3007 1282 3050; x_wconf 89' lang='lat' dir='ltr'>eo</span> <span class='ocrx_word' id='word_1_159' title='bbox 1292 2997 1427 3068; x_wconf 87' lang='lat' dir='ltr'>patrono</span> 
     </span>
     <span class='ocr_line' id='line_1_23' title="bbox 472 3086 1429 3174; baseline -0.004 -22"><span class='ocrx_word' id='word_1_160' title='bbox 472 3111 597 3174; x_wconf 89' lang='lat' dir='ltr'>semper</span> <span class='ocrx_word' id='word_1_161' title='bbox 620 3114 696 3155; x_wconf 90' lang='lat' dir='ltr'>usus</span> <span class='ocrx_word' id='word_1_162' title='bbox 723 3105 772 3154; x_wconf 89' lang='lat' dir='ltr'>est</span> <span class='ocrx_word' id='word_1_163' title='bbox 798 3094 831 3153; x_wconf 91' lang='lat' dir='ltr'>iu</span> <span class='ocrx_word' id='word_1_164' title='bbox 861 3112 960 3154; x_wconf 87' lang='lat' dir='ltr'>causa</span> <span class='ocrx_word' id='word_1_165' title='bbox 986 3091 1057 3154; x_wconf 83' lang='lat' dir='ltr'>ista.</span> <span class='ocrx_word' id='word_1_166' title='bbox 1101 3090 1174 3152; x_wconf 90' lang='lat' dir='ltr'>Jam</span> <span class='ocrx_word' id='word_1_167' title='bbox 1203 3097 1275 3152; x_wconf 81' lang='lat' dir='ltr'>sero</span> <span class='ocrx_word' id='word_1_168' title='bbox 1300 3086 1429 3151; x_wconf 84' lang='lat' dir='ltr'>vicisset</span> 
     </span>
     <span class='ocr_line' id='line_1_24' title="bbox 472 3186 1428 3275; baseline 0 -25"><span class='ocrx_word' id='word_1_169' title='bbox 472 3191 608 3253; x_wconf 87' lang='lat' dir='ltr'>ecclesia</span> <span class='ocrx_word' id='word_1_170' title='bbox 629 3193 691 3254; x_wconf 89' lang='lat' dir='ltr'>nisi</span> <span class='ocrx_word' id='word_1_171' title='bbox 714 3193 834 3254; x_wconf 86' lang='lat' dir='ltr'>auxilio</span> <span class='ocrx_word' id='word_1_172' title='bbox 858 3204 890 3254; x_wconf 90' lang='lat' dir='ltr'>et</span> <span class='ocrx_word' id='word_1_173' title='bbox 912 3191 1047 3254; x_wconf 90' lang='lat' dir='ltr'>consilio</span> <span class='ocrx_word' id='word_1_174' title='bbox 1069 3191 1138 3275; x_wconf 87' lang='lat' dir='ltr'>ejus</span> <span class='ocrx_word' id='word_1_175' title='bbox 1154 3190 1278 3273; x_wconf 89' lang='lat' dir='ltr'>jurator</span> <span class='ocrx_word' id='word_1_176' title='bbox 1297 3188 1353 3251; x_wconf 92' lang='lat' dir='ltr'>ille</span> <span class='ocrx_word' id='word_1_177' title='bbox 1372 3186 1428 3250; x_wconf 91' lang='lat' dir='ltr'>de·</span> 
     </span>
     <span class='ocr_line' id='line_1_25' title="bbox 474 3289 1428 3376; baseline 0.002 -26"><span class='ocrx_word' id='word_1_178' title='bbox 474 3311 574 3352; x_wconf 87' lang='lat' dir='ltr'>canus</span> <span class='ocrx_word' id='word_1_179' title='bbox 595 3292 832 3374; x_wconf 74' lang='lat' dir='ltr'>praevaluisset:</span> <span class='ocrx_word' id='word_1_180' title='bbox 858 3304 889 3355; x_wconf 90' lang='lat' dir='ltr'>et</span> <span class='ocrx_word' id='word_1_181' title='bbox 911 3293 1031 3356; x_wconf 88' lang='lat' dir='ltr'>utinum</span> <span class='ocrx_word' id='word_1_182' title='bbox 1054 3312 1219 3376; x_wconf 74' lang='lat' dir='ltr'>utinquam</span> <span class='ocrx_word' id='word_1_183' title='bbox 1239 3289 1353 3353; x_wconf 87' lang='lat' dir='ltr'>fuisset</span> <span class='ocrx_word' id='word_1_184' title='bbox 1372 3309 1428 3352; x_wconf 84' lang='lat' dir='ltr'>an·</span> 
     </span>
     <span class='ocr_line' id='line_1_26' title="bbox 473 3391 1427 3476; baseline 0.001 -23"><span class='ocrx_word' id='word_1_185' title='bbox 473 3394 568 3455; x_wconf 89' lang='lat' dir='ltr'>nulus</span> <span class='ocrx_word' id='word_1_186' title='bbox 590 3394 654 3465; x_wconf 88' lang='lat' dir='ltr'>ille,</span> <span class='ocrx_word' id='word_1_187' title='bbox 679 3415 774 3475; x_wconf 90' lang='lat' dir='ltr'>quem</span> <span class='ocrx_word' id='word_1_188' title='bbox 797 3395 829 3456; x_wconf 92' lang='lat' dir='ltr'>in</span> <span class='ocrx_word' id='word_1_189' title='bbox 854 3397 978 3476; x_wconf 85' lang='lat' dir='ltr'>signum</span> <span class='ocrx_word' id='word_1_190' title='bbox 1002 3395 1200 3459; x_wconf 80' lang='lat' dir='ltr'>confusionis</span> <span class='ocrx_word' id='word_1_191' title='bbox 1222 3391 1370 3456; x_wconf 76' lang='lat' dir='ltr'>ecclesiae</span> <span class='ocrx_word' id='word_1_192' title='bbox 1396 3401 1427 3455; x_wconf 88' lang='lat' dir='ltr'>et</span> 
     </span>
     <span class='ocr_line' id='line_1_27' title="bbox 473 3490 1428 3578; baseline 0.003 -25"><span class='ocrx_word' id='word_1_193' title='bbox 473 3490 522 3556; x_wconf 86' lang='lat' dir='ltr'>sui</span> <span class='ocrx_word' id='word_1_194' title='bbox 537 3492 690 3577; x_wconf 90' lang='lat' dir='ltr'>triumphi</span> <span class='ocrx_word' id='word_1_195' title='bbox 707 3495 888 3559; x_wconf 86' lang='lat' dir='ltr'>videntibus</span> <span class='ocrx_word' id='word_1_196' title='bbox 903 3497 1029 3560; x_wconf 89' lang='lat' dir='ltr'>cunctis</span> <span class='ocrx_word' id='word_1_197' title='bbox 1039 3517 1165 3578; x_wconf 88' lang='lat' dir='ltr'>semper</span> <span class='ocrx_word' id='word_1_198' title='bbox 1175 3504 1322 3558; x_wconf 86' lang='lat' dir='ltr'>ostentat.</span> <span class='ocrx_word' id='word_1_199' title='bbox 1357 3494 1428 3558; x_wconf 93' lang='lat' dir='ltr'>Uti-</span> 
     </span>
     <span class='ocr_line' id='line_1_28' title="bbox 473 3597 1426 3682; baseline 0.003 -26"><span class='ocrx_word' id='word_1_200' title='bbox 473 3616 547 3657; x_wconf 91' lang='lat' dir='ltr'>nam</span> <span class='ocrx_word' id='word_1_201' title='bbox 567 3597 715 3660; x_wconf 90' lang='lat' dir='ltr'>dominus</span> <span class='ocrx_word' id='word_1_202' title='bbox 734 3618 820 3681; x_wconf 87' lang='lat' dir='ltr'>papa</span> <span class='ocrx_word' id='word_1_203' title='bbox 838 3611 1009 3682; x_wconf 86' lang='lat' dir='ltr'>peccatum</span> <span class='ocrx_word' id='word_1_204' title='bbox 1033 3599 1172 3661; x_wconf 88' lang='lat' dir='ltr'>alienum</span> <span class='ocrx_word' id='word_1_205' title='bbox 1195 3617 1362 3680; x_wconf 89' lang='lat' dir='ltr'>nunquam</span> <span class='ocrx_word' id='word_1_206' title='bbox 1382 3598 1426 3660; x_wconf 87' lang='lat' dir='ltr'>fe·</span> 
     </span>
     <span class='ocr_line' id='line_1_29' title="bbox 474 3695 1427 3781; baseline 0.002 -24"><span class='ocrx_word' id='word_1_207' title='bbox 474 3698 697 3774; x_wconf 80' lang='lat' dir='ltr'>cissetsuuu13</span> <span class='ocrx_word' id='word_1_208' title='bbox 720 3712 752 3761; x_wconf 91' lang='lat' dir='ltr'>et</span> <span class='ocrx_word' id='word_1_209' title='bbox 770 3699 939 3771; x_wconf 84' lang='lat' dir='ltr'>intrusum,</span> <span class='ocrx_word' id='word_1_210' title='bbox 954 3720 1048 3781; x_wconf 90' lang='lat' dir='ltr'>quem</span> <span class='ocrx_word' id='word_1_211' title='bbox 1070 3697 1110 3761; x_wconf 91' lang='lat' dir='ltr'>ad</span> <span class='ocrx_word' id='word_1_212' title='bbox 1133 3696 1264 3778; x_wconf 82' lang='lat' dir='ltr'>gloriam</span> <span class='ocrx_word' id='word_1_213' title='bbox 1288 3696 1352 3759; x_wconf 89' lang='lat' dir='ltr'>Dei</span> <span class='ocrx_word' id='word_1_214' title='bbox 1373 3695 1427 3759; x_wconf 86' lang='lat' dir='ltr'>de·</span> 
     </span>
     <span class='ocr_line' id='line_1_30' title="bbox 469 3797 1426 3883; baseline 0 -23"><span class='ocrx_word' id='word_1_215' title='bbox 469 3799 590 3881; x_wconf 88' lang='lat' dir='ltr'>jecerat</span> <span class='ocrx_word' id='word_1_216' title='bbox 599 3798 696 3880; x_wconf 89' lang='lat' dir='ltr'>juste,</span> <span class='ocrx_word' id='word_1_217' title='bbox 713 3800 781 3883; x_wconf 89' lang='lat' dir='ltr'>ipse</span> <span class='ocrx_word' id='word_1_218' title='bbox 804 3822 868 3883; x_wconf 88' lang='lat' dir='ltr'>qua</span> <span class='ocrx_word' id='word_1_219' title='bbox 888 3801 1013 3863; x_wconf 89' lang='lat' dir='ltr'>cunctis</span> <span class='ocrx_word' id='word_1_220' title='bbox 1033 3799 1219 3883; x_wconf 71' lang='lat' dir='ltr'>praeeminet</span> <span class='ocrx_word' id='word_1_221' title='bbox 1239 3797 1426 3861; x_wconf 87' lang='lat' dir='ltr'>anctoritate</span> 
     </span>
     <span class='ocr_line' id='line_1_31' title="bbox 473 3899 1426 3966; baseline 0.001 -6"><span class='ocrx_word' id='word_1_222' title='bbox 473 3921 538 3961; x_wconf 92' lang='lat' dir='ltr'>uon</span> <span class='ocrx_word' id='word_1_223' title='bbox 555 3901 749 3964; x_wconf 87' lang='lat' dir='ltr'>intrusisset:</span> <span class='ocrx_word' id='word_1_224' title='bbox 772 3923 833 3966; x_wconf 89' lang='lat' dir='ltr'>nec</span> <span class='ocrx_word' id='word_1_225' title='bbox 857 3903 947 3964; x_wconf 90' lang='lat' dir='ltr'>illum</span> <span class='ocrx_word' id='word_1_226' title='bbox 964 3903 1091 3966; x_wconf 87' lang='lat' dir='ltr'>fecisset</span> <span class='ocrx_word' id='word_1_227' title='bbox 1114 3899 1281 3964; x_wconf 89' lang='lat' dir='ltr'>custodem</span> <span class='ocrx_word' id='word_1_228' title='bbox 1304 3900 1426 3962; x_wconf 87' lang='lat' dir='ltr'>anima·</span> 
     </span>
    </p>
   </div>
   <div class='ocr_carea' id='block_1_3' title="bbox 474 3999 1428 4188">
    <p class='ocr_par' dir='ltr' id='par_1_4' title="bbox 474 3999 1428 4188">
     <span class='ocr_line' id='line_1_32' title="bbox 475 3999 1428 4087; baseline 0.001 -25"><span class='ocrx_word' id='word_1_229' title='bbox 475 4023 554 4079; x_wconf 88' lang='lat' dir='ltr'>rum,</span> <span class='ocrx_word' id='word_1_230' title='bbox 577 4003 634 4085; x_wconf 92' lang='lat' dir='ltr'>qui</span> <span class='ocrx_word' id='word_1_231' title='bbox 658 4014 690 4065; x_wconf 90' lang='lat' dir='ltr'>et</span> <span class='ocrx_word' id='word_1_232' title='bbox 712 4004 872 4066; x_wconf 79' lang='lat' dir='ltr'>Ecclesia:</span> <span class='ocrx_word' id='word_1_233' title='bbox 895 4013 1104 4087; x_wconf 84' lang='lat' dir='ltr'>persequutor</span> <span class='ocrx_word' id='word_1_234' title='bbox 1127 4001 1246 4079; x_wconf 88' lang='lat' dir='ltr'>extitit,</span> <span class='ocrx_word' id='word_1_235' title='bbox 1268 4012 1302 4065; x_wconf 90' lang='lat' dir='ltr'>et</span> <span class='ocrx_word' id='word_1_236' title='bbox 1323 3999 1428 4064; x_wconf 88' lang='lat' dir='ltr'>adhue</span> 
     </span>
     <span class='ocr_line' id='line_1_33' title="bbox 474 4104 870 4188; baseline 0 -23"><span class='ocrx_word' id='word_1_237' title='bbox 474 4125 540 4165; x_wconf 91' lang='lat' dir='ltr'>uon</span> <span class='ocrx_word' id='word_1_238' title='bbox 555 4104 616 4166; x_wconf 86' lang='lat' dir='ltr'>nisi</span> <span class='ocrx_word' id='word_1_239' title='bbox 634 4125 761 4167; x_wconf 87' lang='lat' dir='ltr'>carnem</span> <span class='ocrx_word' id='word_1_240' title='bbox 777 4107 870 4188; x_wconf 88' lang='lat' dir='ltr'>sapit.</span> 
     </span>
    </p>
   </div>
   <div class='ocr_carea' id='block_1_4' title="bbox 0 0 1701 5525">
    <p class='ocr_par' dir='ltr' id='par_1_5' title="bbox 0 0 1701 5525">
     <span class='ocr_line' id='line_1_34' title="bbox 0 0 1701 5525; baseline 0 0"><span class='ocrx_word' id='word_1_241' title='bbox 0 0 1701 5525; x_wconf 95' lang='lat' dir='ltr'> </span> 
     </span>
    </p>
   </div>
  </div>
 </body>
</html>
