3384 5525
739 764 957 842 1168]
1509 778 1870 825 EPISTOLAE.
2526 768 2646 829 109

730 934 949 997 batam
997 933 1205 1012 video,
1255 934 1406 1017 quia
1455 934 1664 1017 ipsum
1717 931 2020 996 memisse
2066 952 2196 995 non
2242 932 2529 1013 arbitror,
2576 948 2647 1001 ut

731 1046 943 1099 vestra
974 1035 1301 1099 sinceritas
1344 1035 1507 1099 adeo
1539 1033 1773 1099 debeat
1815 1034 2154 1115 indignari.
2245 1034 2475 1118 Neque
2515 1037 2641 1102 hoc

725 1135 1025 1216 dixerim,
1067 1137 1231 1200 Vivit
1258 1133 1603 1213 Dominus,
1625 1145 1699 1199 ut
1727 1145 2016 1211 vestram,
2042 1156 2235 1219 quam
2255 1135 2436 1198 Deus
2465 1136 2641 1201 inco-

726 1237 965 1299 lumem
991 1247 1217 1312 servet,
1240 1234 1734 1300 circumveniam
1759 1235 2110 1312 caritatem,
2133 1233 2247 1298 sed
2271 1245 2343 1299 ut
2364 1237 2644 1303 veritatis

727 1336 1084 1401 assertione
1113 1336 1359 1401 firmius
1386 1337 1472 1400 ad
1511 1337 1784 1400 invicem
1816 1346 2276 1400 connectantur
2318 1338 2529 1417 amici,
2558 1363 2643 1405 ne

730 1458 814 1501 ex
846 1438 979 1501 levi
1000 1439 1396 1522 suspicione,
1418 1437 1592 1522 quod
1616 1437 1804 1516 absit,
1827 1437 2154 1519 contingat
2171 1438 2440 1501 alterum
2463 1442 2643 1505 alteri

727 1536 1039 1621 deperire.
1129 1540 1354 1603 Nostis
1382 1539 1554 1602 enim
1583 1538 1726 1622 quis
1757 1537 2027 1602 dixerit:
2089 1537 2221 1613 Qui
2247 1559 2375 1602 non
2405 1540 2640 1625 diligit,

726 1648 944 1704 manet
988 1642 1059 1702 in
1110 1648 1325 1704 morte.
1417 1640 1607 1713 Quod
1662 1652 1873 1704 autem
1927 1640 2150 1704 nescio
2211 1642 2321 1725 qui
2380 1665 2638 1708 suorum

724 1740 1050 1806 honestati
1080 1752 1301 1805 vestrae
1339 1742 1642 1806 dicuntur
1683 1739 1856 1823 apud
1889 1740 2503 1805 Christianissimum
2544 1766 2638 1809 re-

728 1863 900 1923 gem,
943 1853 1010 1907 et
1060 1843 1450 1907 Francorum
1501 1843 1741 1907 curiam
1795 1836 2167 1919 detraxisse,
2210 1864 2408 1907 unum
2461 1846 2641 1910 vobis

731 1954 1006 2022 constet,
1034 1945 1090 2008 si
1120 1955 1334 2007 tamen
1364 1954 1615 2007 constat
1645 1944 1890 2024 ignom,
1923 1942 2041 2007 sed
2074 1943 2198 2006 hoc
2232 1944 2389 2007 mihi
2418 1947 2636 2011 certis-

730 2046 967 2109 simum
1011 2057 1128 2123 est,
1172 2045 1349 2129 quod
1392 2046 1605 2128 ipsum
1651 2044 1868 2107 audivi
1910 2044 2148 2126 saepius
2199 2058 2640 2128 excusantem,

727 2161 861 2212 tam
892 2148 1067 2231 apud
1096 2169 1335 2230 regem,
1366 2168 1553 2231 quam
1586 2145 1762 2229 apud
1802 2146 1964 2209 alios
1992 2167 2312 2210 recessum
2345 2160 2642 2229 vestrum,

728 2262 796 2315 et
823 2272 943 2335 pro
966 2251 1146 2315 vobis
1175 2247 1412 2334 pluries
1432 2247 1956 2313 intercedentem.
2011 2247 2204 2312 Unde
2232 2270 2356 2313 nec
2381 2251 2639 2317 credere

725 2373 996 2436 possum
1027 2353 1200 2438 quod
1233 2353 1314 2416 de
1347 2350 1744 2417 conscientia
1772 2349 1971 2433 ipsius
2014 2350 2350 2435 quisquam
2384 2374 2639 2419 suorum

731 2453 1085 2519 detraxerit
1112 2454 1308 2518 vobis.
1386 2456 1558 2518 Nam
1589 2452 1644 2515 si
1673 2451 1964 2530 nescivit,
1997 2452 2053 2515 si
2082 2474 2212 2516 non
2244 2456 2464 2534 sensit,
2491 2478 2637 2522 eum

728 2578 865 2619 non
927 2556 1325 2620 consensisse
1399 2576 1616 2619 verum
1687 2563 1806 2632 est,
1866 2563 1978 2617 aut
2045 2566 2215 2620 certe
2282 2559 2637 2639 probabile.

730 2660 959 2724 Habet
1003 2659 1263 2744 quidem
1312 2660 1565 2743 aliquos
1611 2657 1694 2721 de
1741 2658 2121 2722 coexulibus
2167 2660 2298 2723 suis
2343 2661 2411 2723 in
2462 2664 2640 2727 curia

727 2759 902 2842 regis
953 2760 1164 2824 minus
1213 2760 1479 2824 fortasse
1531 2760 1853 2845 providOS,
1901 2770 1973 2823 ut
2014 2763 2278 2825 verbum
2319 2761 2641 2827 incautius

727 2873 955 2925 contra
999 2882 1134 2940 voS,
1181 2862 1287 2925 vel
1338 2862 1534 2924 alium
1579 2861 1902 2945 potuerint
1952 2860 2313 2944 protulisse,
2364 2882 2491 2943 quo
2543 2861 2638 2925 eis

725 2964 891 3027 sorte
965 2962 1188 3028 flerent
1259 2964 1588 3045 gratioreS,
1658 2964 1895 3047 quibus
1965 2961 2139 3045 quod
2209 2962 2641 3045 loquebantur

727 3066 985 3149 placere
1016 3065 1439 3130 crediderant.
1527 3064 1711 3128 Deus
1740 3064 1895 3126 mihi
1927 3062 2105 3126 testis
2142 3075 2259 3143 est,
2289 3061 2462 3146 quod
2491 3063 2637 3127 illos

726 3188 863 3229 non
907 3166 1062 3243 vidi,
1091 3188 1211 3230 nec
1259 3164 1472 3230 audivi
1517 3165 1912 3230 committere
1960 3164 2133 3248 quod
2178 3175 2546 3245 arguuntur,
2575 3177 2640 3229 et

726 3267 941 3332 adhuc
973 3269 1085 3352 qui
1116 3268 1242 3332 sint
1288 3268 1404 3346 illi,
1433 3288 1685 3350 prorsus
1725 3267 1970 3348 ignoro,
2001 3266 2058 3329 si
2096 3266 2206 3349 qui
2242 3267 2369 3329 sint
2402 3276 2636 3331 tamen.

725 3370 1048 3434 Caeterum
1099 3381 1517 3434 memoratum
1570 3390 1785 3451 regem
1830 3391 1939 3465 ex·
1967 3367 2168 3431 tribus
2212 3369 2458 3432 caussis
2503 3391 2637 3434 non

727 3472 989 3554 ambigo
1017 3471 1439 3553 indignatum.
1528 3472 1812 3544 Quarum
1843 3471 2049 3554 prima
2086 3483 2201 3549 est,
2234 3471 2409 3554 quod
2441 3494 2634 3556 quum

728 3583 881 3657 post
929 3573 1193 3635 multam
1255 3572 1514 3655 gratiam
1571 3584 1635 3635 et
1694 3572 2192 3634 familiaritatem
2243 3571 2383 3655 ejus
2434 3594 2637 3657 prope

731 3677 977 3750 locum,
1006 3675 1121 3738 ubi
1159 3676 1544 3749 morabatur,
1577 3675 1910 3738 transitum
1950 3673 2265 3750 faceretiS,
2295 3674 2640 3740 divertistis

730 3786 797 3840 et
824 3775 1177 3839 recessistis
1222 3798 1260 3839 a
1288 3797 1506 3858 regnu,
1536 3777 1648 3838 ubi
1692 3783 1788 3838 tot
1818 3776 1989 3838 bona
2032 3773 2214 3837 vobis
2249 3776 2330 3838 ab
2375 3775 2641 3841 infantia

729 3878 964 3943 collata
992 3876 1264 3956 fuerant,
1285 3877 1400 3941 ubi
1429 3899 1660 3940 nomen
1692 3888 1969 3940 vestrum
1996 3877 2324 3954 claruerat,
2347 3877 2488 3961 ipso
2517 3900 2638 3944 nec

727 3979 1022 4042 salutat0.
1118 3977 1435 4054 Secunda,
1479 3978 1652 4062 quod
1690 3978 1775 4041 ad
1821 3978 2288 4056 schismatic08‚
2315 4000 2448 4042 non
2489 3979 2638 4045 dico

726 4078 1203 4156 schismaticuS,
1252 4078 1592 4157 transistiS,
1645 4090 1710 4143 et
1763 4079 1874 4162 qui
1925 4078 2227 4162 opinione
2278 4079 2527 4142 virtutis
2576 4093 2643 4147 et

730 4180 1090 4245 eruditione
1111 4180 1434 4244 literarum
1457 4180 1739 4244 erexisse
1762 4190 1827 4244 et
1850 4180 2257 4244 confirmasse
2279 4177 2644 4244 debueratis

722 4282 1134 4360 infirmiores,
1146 4281 1440 4345 omnibus
1459 4283 1524 4344 in
1539 4303 1879 4346 commune
1893 4283 2128 4347 malum
2140 4279 2408 4344 dedistis
2423 4300 2641 4343 exem-

725 4385 923 4466 plum.
1021 4385 1334 4446 Verentur
1363 4384 1527 4445 euim
1562 4383 1775 4447 minus
1820 4383 2288 4455 communicare
2330 4377 2639 4441 schisma·
