3384 5525
412 813 454 869 aa
672 819 809 863 tonsura
826 816 1108 862 sanssusrnausrs
1276 799 1325 880 [s.
1343 819 1377 866 u.

414 978 603 1061 proiectum.
652 972 769 1044 Quanti
800 972 886 1033 enim
915 970 1019 1033 lacere
1050 968 1152 1031 debeo
1181 971 1376 1035 exercitium

416 1080 579 1143 literarum
605 1085 637 1138 et
666 1074 900 1155 negotiationes
927 1072 1050 1135 virtutis
1076 1085 1109 1134 et
1137 1073 1377 1154 experientiam

419 1178 576 1264 propositi
592 1188 678 1240 recte
701 1174 1008 1258 philosophantium,
1022 1185 1055 1236 et
1076 1173 1266 1255 patientium
1284 1176 1379 1239 inno-

418 1292 526 1362 center
541 1291 573 1343 et
587 1300 645 1363 pro
664 1277 835 1340 assertione
858 1276 934 1338 fidei
957 1287 988 1338 et
1005 1274 1139 1357 justitiae
1162 1274 1375 1340 defensione?

418 1382 482 1446 Sed
509 1392 541 1445 ct
566 1380 641 1443 sorti
667 1387 778 1442 vestras
804 1380 1018 1458 congratulor,
1042 1375 1150 1439 audito
1177 1377 1262 1460 qnod
1288 1378 1376 1442 inter

417 1486 525 1547 hostes
546 1479 706 1545 Ecclesia
721 1494 850 1542 auctore
873 1479 1017 1541 Domino
1040 1478 1175 1559 gratiam
1196 1478 1377 1556 invenistis,

417 1600 452 1651 ut
469 1599 502 1651 et
523 1585 754 1668 temporalibus
770 1581 942 1646 abundetis
966 1581 1007 1643 ad
1031 1580 1192 1644 materiam
1218 1581 1375 1662 gerendo·

416 1710 498 1765 turn,
513 1698 545 1751 et
563 1685 701 1770 quadam
724 1686 899 1747 litterarum
919 1696 952 1746 et
974 1683 1121 1745 virtutum
1137 1683 1374 1764 praeemineatis

415 1789 615 1863 auctoritate,
638 1796 673 1848 nt
695 1784 782 1867 apud
805 1785 959 1847 barbaros
981 1783 1068 1866 quod
1094 1782 1247 1847 discretio
1270 1796 1374 1849 restra

416 1891 592 1964 dictaverit,
606 1897 756 1970 reputent
770 1898 1019 1949 sacrosanctum.
1060 1888 1179 1948 Verum
1195 1887 1283 1967 quod
1300 1888 1372 1969 plu·

416 1992 487 2054 rimi
509 1989 602 2059 facio,
618 1986 700 2049 illud
722 1997 781 2062 est,
804 1986 892 2067 quod
914 1987 1027 2050 odistis
1050 1986 1233 2050 Ecclesiam
1256 1990 1371 2071 malig-

417 2090 573 2164 nantium,
592 2096 625 2150 et
648 2099 682 2147 nt
708 2085 803 2148 audio
825 2097 937 2148 contra
958 2086 1180 2150 schismaticos
1201 2087 1234 2150 in
1257 2088 1373 2152 virtuts

419 2192 556 2275 Spiritus
583 2190 690 2251 Sancti
716 2189 845 2270 publice
871 2210 929 2271 pro
956 2187 1021 2250 fide
1047 2188 1080 2250 in
1107 2191 1194 2253 omni
1224 2191 1372 2254 libertate

417 2291 624 2357 conscientiae
646 2290 823 2373 loquimini,
848 2303 879 2353 et
905 2290 1043 2353 scribitis
1065 2292 1237 2356 veritatem.
1284 2293 1371 2356 Nam

416 2396 561 2478 profecto
583 2390 642 2455 ott
663 2394 799 2473 spiritus
824 2391 890 2455 Dei
911 2398 957 2455 est
979 2392 1025 2454 ibi
1045 2391 1184 2456 libertas.
1230 2396 1301 2459 Nec
1324 2409 1373 2459 est

418 2494 505 2579 quod
539 2496 640 2574 magis
672 2495 900 2577 philosophum
933 2495 1046 2558 deceat
1084 2517 1179 2579 quam
1211 2494 1371 2580 professio

418 2597 570 2672 veritatis,
587 2597 721 2681 justitiae
742 2598 860 2674 cultus,
875 2606 1078 2681 contemptus
1100 2597 1220 2676 mundi,
1236 2608 1270 2661 st
1291 2620 1372 2682 pan·

417 2702 549 2787 peitatis
561 2721 658 2783 quum
671 2719 803 2761 necesse
815 2710 865 2761 est
878 2719 976 2761 amor.
1001 2699 1152 2782 Legimus
1164 2700 1374 2784 philosophos

416 2804 514 2886 gratis
529 2816 682 2887 tanquam
697 2800 822 2864 virtutis
835 2800 1065 2882 impedimenta
1085 2803 1316 2884 contempsisse
1338 2816 1372 2867 ct

416 2905 574 2990 abjecisse
590 2905 727 2968 divitias.
773 2902 838 2966 Sed
854 2902 943 2986 qnod
965 2902 1046 2965 etin
1069 2903 1241 2984 gentilibus
1255 2904 1372 2987 aliquis

417 3030 525 3073 corum
542 3009 693 3093 operibus
715 3005 927 3089 preposuerit
949 3005 1123 3082 veritatem,
1144 3005 1301 3068 hacteuus
1320 3005 1371 3069 iu·

416 3109 560 3172 anditum
584 3121 640 3173 est.
687 3111 726 3170 ln
749 3129 787 3169 eo
810 3128 949 3189 namque
976 3107 1074 3170 totins
1096 3107 1211 3170 ethicae
1238 3106 1371 3187 gentilis

415 3221 577 3291 praecepta
591 3209 709 3287 vigent,
724 3218 761 3269 nt
776 3207 948 3269 carnalium
971 3209 1136 3291 passiones
1151 3208 1371 3285 affectionum,

417 3328 497 3392 quas
511 3318 677 3389 nequeunt
691 3307 819 3388 penitus
834 3307 1031 3388 extinguere,
1046 3309 1219 3392 reprimant
1237 3318 1270 3372 et
1292 3311 1368 3373 snb·

410 3411 526 3496 jiciant
547 3409 671 3472 rationi.
717 3409 814 3480 Quod
837 3409 862 3470 si
887 3411 939 3473 cui
963 3410 1114 3474 divinitus
1137 3410 1244 3474 datum
1266 3410 1371 3489 fuerit,

418 3512 496 3595 qnia
513 3512 555 3573 ud
578 3511 638 3573 hoc
654 3522 766 3573 natura
780 3510 938 3593 impotens
954 3525 1010 3590 est,
1027 3534 1090 3575 non
1106 3512 1276 3594 ambigitur
1297 3535 1372 3577 eum

417 3622 504 3675 recte
524 3611 781 3694 philosophantis
797 3612 848 3673 via
871 3611 912 3674 ad
930 3613 1026 3676 vitam
1048 3613 1207 3690 incedere,
1223 3624 1260 3675 ut
1281 3625 1371 3678 mter-

418 3713 530 3776 naliter
546 3713 650 3776 videat
665 3713 733 3776 dies
748 3715 869 3776 bonos:
901 3726 933 3775 et
948 3727 1104 3796 quatenus
1119 3715 1153 3776 in
1168 3734 1206 3775 eo
1230 3714 1370 3798 quisque

417 3815 596 3899 profecerit,
618 3825 750 3878 eatenus
772 3813 813 3877 ad
838 3836 944 3877 veram
970 3814 1208 3898 philosophiam
1232 3816 1368 3880 accedit.

419 3916 527 3995 Unde,
542 3919 618 4001 quia
633 3939 689 3980 vos
711 3916 841 3981 confido
864 3928 948 3979 recte
973 3917 1229 4001 philosophantis
1251 3920 1371 3983 hahere

416 4020 910 4103 p1·opositum,rog0,moneoet
931 4018 1036 4081 modis
1053 4019 1201 4082 omuibus
1225 4023 1369 4099 consulo,

416 4133 453 4184 nt
478 4133 616 4184 errantes
638 4122 792 4184 studeatis
815 4143 834 4184 a
857 4123 1026 4185 schismate
1052 4143 1212 4200 revocare,
1238 4134 1276 4186 ut
1296 4145 1371 4187 eum

416 4224 586 4309 praeferant
600 4223 733 4297 homini,
749 4245 810 4286 neo
826 4245 860 4286 se
876 4236 960 4287 metu
976 4225 1175 4306 imperatoris
1191 4234 1248 4289 aut
1269 4226 1373 4289 schis-

415 4325 523 4389 matici
540 4324 744 4388 Coloniensis
760 4324 1030 4387 circumventione
1046 4325 1210 4407 patiantur
1220 4348 1239 4387 a
1250 4327 1372 4391 Christi

413 4450 545 4515 corpore
562 4427 711 4511 separari.
754 4427 838 4493 Nam
855 4427 987 4492 fortasse
1003 4449 1062 4510 pro
1079 4427 1181 4491 salute
1197 4431 1373 4494 multorum
