3384 5525
520 797 561 856 86
771 807 909 853 rotulus
924 804 1203 850 SARESBERIENSIS
1382 786 1427 866 [s.
1444 804 1472 847 n.

520 961 766 1026 mansuetudine
813 960 954 1043 spiritus,
989 971 1064 1042 post
1105 958 1275 1039 gratiarum
1316 958 1473 1021 actionem

522 1063 652 1126 domino
674 1085 768 1147 papae
792 1075 823 1126 et
838 1063 902 1125 illis
924 1060 1078 1135 debitam,
1093 1058 1261 1142 respondit
1281 1058 1324 1121 ad
1339 1058 1473 1139 singula,

519 1166 693 1228 rationibus
701 1164 820 1226 reriset
832 1158 1053 1246 probabilibus
1063 1160 1209 1243 querelas
1217 1159 1474 1241 regiseracuans,

520 1278 553 1329 et
574 1267 706 1351 injurias
731 1266 878 1329 ecclesiae
900 1274 932 1327 et
956 1263 1074 1327 damna
1094 1262 1310 1350 intolerabilia
1332 1272 1474 1344 patenter

521 1389 699 1451 exponens.
765 1368 811 1429 Et
846 1368 924 1451 quia
958 1366 1181 1439 humilitatem,
1217 1376 1249 1428 et
1284 1364 1473 1427 delationem

519 1470 650 1533 honoris
668 1471 708 1532 ab
725 1490 764 1532 eo
787 1469 972 1551 exigebant,
993 1466 1159 1562 respondit
1174 1487 1208 1529 se
1229 1487 1360 1530 omnem
1374 1464 1472 1528 bumi-

519 1572 640 1634 litatem
665 1572 895 1649 exhibiturum,
916 1583 948 1632 et
962 1567 1094 1632 honoris
1117 1580 1149 1632 et
1163 1569 1352 1632 reverentiae
1375 1588 1471 1651 quan·

520 1681 726 1752 tumcumque
750 1669 824 1751 plns
842 1675 972 1751 posset:
997 1666 1096 1730 Soleo
1118 1666 1235 1728 honore
1250 1665 1326 1740 Dei,
1342 1672 1374 1728 et
1388 1664 1473 1727 liber·

521 1775 586 1832 tate
615 1773 763 1843 ecclesie,
786 1777 817 1832 et
838 1771 1003 1831 honestate
1027 1788 1173 1849 persone
1196 1788 1275 1844 aue,
1303 1774 1335 1829 et
1357 1786 1474 1849 possee

519 1873 662 1934 sionibus
681 1872 838 1937 ecclesie:
870 1879 902 1933 et
923 1870 950 1933 si
974 1870 1020 1933 eis
1040 1869 1164 1953 aliquid
1186 1869 1347 1932 videretur
1364 1867 1472 1952 adjici·

520 1972 650 2048 endum,
666 1983 721 2034 aut
740 1970 932 2034 demendum
954 1982 1009 2034 aut
1028 1970 1275 2049 immutandum,
1297 1972 1421 2053 rogarit
1442 1979 1474 2031 ut

520 2074 550 2135 ei
565 2074 733 2135 consilium
750 2072 871 2150 darent,
886 2073 1008 2135 habens
1024 2071 1255 2157 adquiescendi
1267 2074 1474 2156 propositum,

519 2174 607 2236 salva
621 2174 807 2237 conditione
829 2173 1033 2257 professionis
1055 2185 1088 2237 et
1103 2173 1234 2238 ordinis.
1280 2174 1353 2238 lllis
1372 2184 1473 2237 autem

522 2273 704 2336 dicentibus
725 2296 759 2336 se
776 2294 841 2335 non
857 2272 981 2334 venisse
1003 2285 1038 2335 ut
1053 2272 1095 2351 ei,
1110 2273 1167 2336 sed
1182 2286 1217 2336 ut
1239 2295 1312 2336 eum
1329 2274 1471 2336 consule·

521 2386 601 2452 rent,
626 2387 659 2438 et
676 2374 947 2439 reconciliationis
967 2385 1124 2438 tentarent
1145 2376 1238 2450 viam,
1260 2376 1339 2439 item
1360 2374 1471 2459 quarsi-

521 2489 589 2541 tum
604 2488 650 2541 est
667 2480 708 2541 ab
721 2478 977 2560 archiepiscopo,
994 2498 1034 2543 an
1050 2478 1083 2538 in
1105 2476 1279 2560 prasentia
1298 2474 1471 2558 legatomm

521 2582 617 2643 vellet
638 2579 821 2664 promittere
848 2581 1080 2643 observantiam
1102 2578 1385 2658 consuetudinum,
1408 2579 1473 2663 qui·

520 2684 581 2745 bus
604 2683 807 2748 decessorum
831 2703 958 2746 suorum
984 2694 1124 2767 tempore
1145 2703 1236 2764 reges
1258 2682 1308 2745 usi
1339 2692 1423 2760 sunt,
1444 2690 1473 2746 et

520 2788 566 2850 sic
582 2787 696 2870 sopitis
711 2786 864 2849 omnibus
877 2786 1015 2868 querelis
1031 2784 1131 2851 redire
1146 2785 1326 2868 ingratiam
1340 2787 1472 2869 regis‚et

519 2892 660 2974 recipere
676 2890 786 2954 sedem
805 2909 906 2963 stram,
923 2899 955 2951 et
975 2887 1294 2966 administrationem,
1316 2899 1349 2953 et
1363 2909 1471 2974 pacem

524 2994 586 3056 sibi
616 3006 648 3057 et
677 2993 756 3057 suis.
808 2990 861 3054 Ad
890 2993 959 3057 baec
1002 2990 1265 3074 archiepiscopus
1294 2990 1471 3075 respondit:

520 3095 657 3162 Nullam
672 3096 866 3157 decessorum
883 3112 1013 3156 suorum
1030 3091 1070 3155 ab
1083 3094 1194 3173 aliquo
1207 3113 1322 3173 regum
1336 3095 1381 3158 ad
1394 3094 1472 3156 tane

514 3194 743 3272 professionem
752 3195 861 3275 fuisse
882 3198 1056 3266 arctatam,
1071 3212 1175 3273 neque
1188 3210 1233 3265 se,
1250 3192 1322 3256 Deo
1337 3198 1471 3265 auctae,

514 3295 750 3374 promissurum
766 3315 911 3376 unquam
929 3301 966 3357 at
980 3296 1118 3358 observet
1132 3296 1391 3373 consuetudines,
1405 3312 1472 3377 qud

521 3395 588 3476 legi
601 3395 668 3457 Dei
677 3402 830 3476 patenter
853 3396 1080 3472 adversantur,
1103 3398 1187 3460 aedis
1205 3400 1385 3479 apostolice
1401 3418 1471 3462 cort·

518 3498 642 3561 vellunt
669 3495 882 3577 privilegium,
914 3500 1049 3562 ecclesio
1086 3501 1253 3582 perimunt
1287 3500 1468 3574 libertatem,

521 3622 600 3683 quas
623 3599 771 3663 dominus
790 3622 875 3685 papa
898 3603 1033 3664 Senonis
1049 3602 1081 3664 in
1102 3601 1229 3665 illorum
1250 3614 1283 3667 et
1304 3605 1469 3667 multorum

519 3703 689 3785 praesentia
712 3704 949 3780 condemnavit,
969 3714 1000 3766 et
1020 3705 1090 3787 ipse
1109 3715 1222 3788 postea
1242 3705 1368 3769 domini
1382 3728 1469 3790 pape

521 3814 676 3884 sequutus
697 3804 926 3881 auctoritatem,
942 3803 1098 3886 quasdam
1114 3825 1221 3867 earum
1237 3826 1313 3868 cum
1329 3807 1470 3870 observa-

519 3905 644 3967 toribus
658 3905 724 3967 suis
739 3905 877 3988 subjecit
898 3906 1105 3981 anathemati,
1120 3905 1204 3969 sicut
1223 3905 1258 3973 in
1274 3907 1385 3970 multis
1400 3927 1468 3971 con·

520 4006 603 4069 ciliis
632 4007 770 4088 ecclesia
792 4007 953 4070 catholica
977 4007 1092 4074 fecisse
1123 4006 1334 4088 dignoscitur.
1393 4011 1468 4073 Item

518 4110 728 4188 interrogatus
751 4120 809 4186 est,
831 4129 884 4185 an,
906 4107 934 4170 si
961 4130 1029 4170 non
1052 4108 1341 4190 confirmationem,
1364 4113 1467 4175 saltem

519 4209 805 4272 dissimulationem
831 4223 863 4271 et
887 4210 1087 4272 tolerantiam
1117 4211 1213 4274 vellet
1241 4214 1466 4296 repromittere,

517 4323 652 4376 autnon
675 4312 762 4373 facta
782 4312 1099 4395 altrinsecuslaliqua
1121 4313 1285 4378 mentione
1303 4325 1464 4379 consuetu·

518 4414 640 4492 diuum,
658 4412 766 4477 sedem
789 4435 878 4477 suam
902 4415 1043 4506 recipere
1065 4425 1096 4477 et
1117 4435 1243 4497 pacem.
1289 4415 1465 4502 Respondit
