3384 5525
429 780 449 837 6
691 791 826 835 rotnurs
842 789 1122 835 sannsnnnrnusrs
1291 771 1336 850 [A.
1354 791 1384 833 n.

430 966 522 1026 agere
538 944 710 1008 consuevit.
750 943 907 1005 Caeterum
928 941 986 1005 tibi
1002 943 1190 1024 compatior,
1207 943 1260 1025 qui
1279 943 1380 1005 mino-

430 1067 496 1109 rem
512 1047 712 1109 securitatem
727 1046 760 1107 in
777 1054 882 1128 portu,
894 1066 990 1128 quam
1006 1044 1037 1105 in
1052 1044 1215 1125 naufragio
1230 1046 1384 1128 reperisti.

432 1147 497 1209 Sed
514 1148 541 1210 si
557 1146 614 1209 tibi
636 1148 727 1210 Deus
742 1147 793 1209 vel
809 1147 850 1210 ad
868 1145 1029 1208 modicum
1047 1147 1235 1229 patientiam
1251 1146 1386 1216 dederit,

431 1248 519 1331 quod
549 1248 607 1311 tibi
637 1246 817 1310 indubitata
845 1246 910 1309 fide
945 1246 1136 1329 pronuncio,
1164 1246 1316 1327 naufragi,
1347 1246 1387 1308 de

432 1349 548 1433 quibus
563 1347 761 1431 desperatur,
776 1348 927 1412 citissime
945 1357 1094 1431 poterunt
1109 1361 1141 1410 et
1156 1349 1265 1411 volent
1279 1348 1384 1429 opitu·

431 1451 499 1514 lari.
545 1451 603 1513 Sta
623 1471 698 1531 ergo
720 1451 753 1513 in
780 1472 818 1513 ea
842 1450 1037 1526 conditione,
1059 1450 1093 1511 in
1116 1470 1221 1533 quaa
1244 1449 1385 1512 Domino

431 1563 564 1616 vocatus
580 1574 625 1630 es,
639 1563 672 1615 et
686 1555 798 1616 saltem
814 1563 971 1637 quatenus
987 1552 1056 1614 sine
1076 1551 1217 1634 periculo
1233 1551 1385 1635 potueris,

430 1653 546 1717 divinae
575 1656 657 1737 legis
687 1665 822 1718 assertor
852 1654 966 1716 existe.
1018 1653 1103 1716 Satis
1133 1652 1307 1715 humanum
1337 1664 1386 1714 est

431 1755 518 1840 quod
534 1756 607 1819 dico
626 1768 756 1840 propter
777 1755 995 1818 infirmitatem
1016 1754 1121 1817 carnis
1136 1763 1261 1817 nostrae.
1300 1754 1383 1829 Quia

430 1858 493 1920 nisi
509 1857 565 1941 qui
579 1858 661 1937 legis
681 1856 861 1920 custodiam
875 1855 1026 1939 periculis
1046 1857 1194 1919 omnibus
1209 1857 1385 1939 anteponit,

429 1959 544 2022 salvari
558 1979 623 2019 non
644 1978 751 2040 posse,
768 1958 857 2021 testis
879 1967 928 2020 est
942 1960 1054 2021 boatus
1072 1959 1247 2040 apostolus,
1263 1968 1296 2021 et
1317 1967 1384 2022 tota

430 2058 545 2123 concio
560 2058 783 2140 perfectorum.
822 2058 945 2141 Scripsi
966 2057 1090 2121 homini
1104 2079 1162 2141 pro
1183 2079 1247 2142 quo
1263 2059 1381 2122 sollici-

428 2158 521 2222 tatis:
548 2169 581 2221 et
596 2159 691 2222 credo
708 2159 793 2243 quod
814 2161 855 2223 ab
871 2161 942 2243 ipso
956 2180 1013 2243 per
1030 2161 1161 2224 latorem
1176 2162 1380 2245 praesentium

430 2259 471 2321 de
486 2268 569 2322 statu
584 2259 665 2342 ejus,
676 2261 732 2343 qui
748 2261 821 2324 Deo
837 2260 1028 2344 propitiante
1043 2261 1148 2324 bonus
1164 2273 1221 2339 est,
1236 2263 1382 2326 certiora-

428 2362 523 2425 beris.
572 2361 704 2423 Amicos
733 2372 858 2423 nostros
887 2362 990 2423 saluta
1021 2361 1215 2442 diligentius,
1245 2382 1380 2444 quorum

427 2462 568 2535 nomina,
584 2462 669 2526 sicut
690 2462 815 2544 paginae
836 2461 1005 2537 subducta,
1021 2462 1067 2523 sic
1091 2463 1197 2525 animo
1218 2464 1379 2545 portitoris

428 2562 557 2627 confido
573 2564 792 2645 multiplicatis
807 2564 954 2647 precibus
970 2584 1039 2625 esse
1055 2563 1217 2645 impressa.

462 2882 692 2947 EPISTOLA.
717 2883 962 2948 exona-in
978 2902 1188 2948 aannwrnuru
1204 2903 1342 2948 anonrn.

654 3005 882 3050 axouruusuru.
931 2985 975 3066 [Α.
992 3005 1023 3049 n.
1042 2988 1149 3068 lice]

592 3141 763 3204 Boldwino
777 3141 958 3204 anntemt
973 3144 1206 3208 archidiacono.

468 3285 730 3346 Expncrarrouu
745 3281 841 3361 longa
856 3282 1014 3362 suspensi,
1029 3296 1060 3345 et
1075 3284 1276 3368 impatientia
1293 3285 1377 3350 desi·

427 3384 507 3448 dorii
517 3381 807 3457 aestuantes,nuntii
816 3382 915 3444 nostri
926 3386 1377 3465 praestolabamuradventum,

427 3494 591 3570 sperantes
605 3485 640 3546 in
654 3484 760 3547 reditu
773 3483 843 3568 ejus
857 3505 917 3547 nos
933 3486 1107 3550 amicorum
1122 3488 1289 3568 diligentia
1310 3491 1376 3554 fore

425 3586 475 3649 vel
498 3583 659 3648 literarum
682 3583 792 3647 solatio
814 3583 1013 3648 recreandos
1064 3589 1109 3650 Et
1131 3588 1261 3672 quidem
1284 3611 1377 3653 secus

426 3687 557 3759 accidit,
571 3705 669 3768 quum
684 3684 738 3747 ilie
752 3705 817 3747 non
833 3685 975 3749 retulerit
988 3687 1055 3751 iota
1066 3690 1116 3751 vei
1132 3689 1267 3772 apicem.
1306 3692 1377 3756 Neo

425 3790 488 3852 hoc
503 3787 650 3860 dicimus,
665 3799 701 3849 ut
714 3798 769 3849 aut
787 3788 929 3851 caritatis
952 3787 1121 3868 defectum,
1137 3801 1192 3853 aut
1213 3792 1376 3872 negligen-

426 3890 503 3953 tiam
518 3888 650 3952 velimus
671 3889 704 3949 in
727 3888 838 3951 amicis
861 3910 1002 3969 arguere,
1018 3912 1099 3973 quos
1121 3902 1210 3955 tanto
1231 3891 1377 3956 acerbius

425 3988 523 4069 affligi
539 3986 740 4071 conjicimus,
755 3999 875 4071 quanto
897 3989 1003 4050 minus
1025 3987 1143 4051 audent
1165 4012 1239 4052 suas
1262 4012 1377 4072 angus-

424 4089 484 4153 tias
513 4088 686 4171 deplorare.
746 4085 1006 4170 comprimuntur
1045 4088 1128 4148 enim
1168 4090 1376 4170 castigatione

425 4187 557 4267 crudeli,
571 4208 740 4271 puerorum
757 4208 856 4262 more,
871 4208 952 4270 quos
973 4197 1204 4270 praeceptorum
1228 4192 1376 4253 severitas

423 4291 519 4373 cogit,
535 4300 572 4355 nt
591 4289 722 4353 eductas
745 4287 864 4350 doloris
886 4288 1017 4370 impetu,
1034 4299 1065 4350 et
1087 4300 1226 4352 extortas
1241 4293 1375 4355 verberi-

423 4399 484 4458 bus
508 4395 665 4476 lacrymas
691 4391 792 4455 redire
816 4390 935 4455 saciant
956 4391 989 4452 in
1017 4392 1121 4485 sinum
1144 4394 1319 4470 oculorum,
1346 4407 1377 4459 et
