3384 5525
438 771 441 775 ’
506 759 546 817 ut
775 768 913 814 roauurs
929 766 1208 813 sanusnnnrnusrs
1365 750 1411 829 [A.
1428 766 1459 813 n.

507 934 542 986 ut
557 923 678 987 eisdem
694 923 883 1006 subjaceant
894 922 966 986 satis
981 932 1013 985 et
1024 920 1119 984 simul
1129 921 1288 1003 patientes
1299 919 1459 1003 gaudeant

509 1026 612 1087 simul.
657 1024 777 1088 Valete.

578 1332 797 1404 EPISTOLA
822 1337 1097 1403 ccxxvi-sn
1112 1358 1194 1403 uae.
1210 1356 1389 1403 ornannuu

764 1458 932 1505 vuntnau.
981 1440 1201 1522 [l.n.1167.]

688 1619 787 1681 doun.
805 1614 932 1681 Sorech.
949 1613 1114 1695 Magistro
1130 1614 1279 1677 Girordo.

548 1769 729 1836 lnsrarvrra
741 1769 913 1852 portitoris,
924 1780 956 1832 et
967 1768 1120 1851 temporis
1131 1767 1279 1848 angustia
1291 1764 1458 1828 scribentis

503 1874 631 1957 quidem
645 1874 740 1934 verba
755 1883 927 1947 coarctant,
940 1870 997 1935 sed
1013 1870 1243 1955 scripturientis
1255 1868 1455 1932 affectionem

504 1976 654 2039 cohibere
669 1984 724 2036 aut
746 1984 905 2035 coarctare
932 1995 997 2038 nou
1021 1985 1165 2057 possunt
1212 1973 1333 2035 Essent
1356 1980 1457 2033 autem

504 2098 592 2140 nunc
606 2078 700 2158 plura
719 2073 890 2137 scribenda
909 2096 967 2157 pro
988 2087 1139 2157 tompore,
1156 2073 1215 2137 sed
1234 2074 1363 2136 animus
1377 2071 1455 2154 sapi·

504 2177 587 2241 eutis
608 2198 651 2239 ex
675 2175 788 2261 paucis
812 2176 905 2258 plura
928 2174 1168 2259 deprehendere
1193 2176 1369 2239 consuevit.
1414 2174 1457 2237 Ut

503 2300 577 2361 ergo
593 2279 686 2342 vobis
706 2277 844 2362 primum
859 2278 1037 2341 innotescat
1057 2290 1175 2351 nostra,
1192 2298 1288 2361 quam
1305 2277 1456 2359 optimam

503 2402 573 2444 esse
588 2379 786 2458 desideratis,
803 2379 958 2457 conditio,
974 2380 1125 2442 noveritis
1140 2378 1308 2442 domiuum
1320 2377 1456 2441 Cantua·

502 2483 636 2546 riensem
649 2493 681 2546 et
690 2484 844 2545 coexules
860 2482 928 2566 ejus
940 2478 1075 2564 primurn
1088 2482 1155 2562 regi
1170 2479 1454 2555 christianissimo,

502 2582 618 2646 deinde
641 2582 739 2646 totius
760 2583 904 2647 Franciae
928 2582 1147 2666 optimatibus,
1168 2581 1347 2646 secuudum
1371 2578 1456 2664 quod

504 2685 611 2768 operis
640 2683 796 2747 exhibitio
830 2682 966 2769 judicat,
993 2704 1062 2745 esse
1095 2693 1256 2768 acceptos,
1282 2691 1314 2744 et
1344 2700 1457 2764 pacem

502 2785 648 2866 ecclesiae
670 2785 704 2846 in
727 2785 825 2862 brevi,
842 2796 878 2846 ut
897 2806 973 2868 spes
997 2794 1054 2861 cst,
1081 2785 1248 2846 affuturam
1271 2803 1292 2846 a
1319 2783 1458 2845 Domino

502 2898 683 2972 expectare.
728 2887 781 2950 Ad
795 2888 858 2950 hoc
874 2887 993 2949 etenim
1011 2885 1160 2950 destinati
1176 2885 1356 2948 cardinales
1370 2885 1457 2948 labo·

501 3005 582 3069 rant,
597 2989 742 3054 dicentes
758 2988 845 3073 quod
868 2989 895 3051 si
911 2987 973 3051 alia
996 2988 1046 3049 via
1061 2988 1248 3071 vulpeculas
1269 2986 1455 3069 Allophylo·

498 3112 568 3153 rum
585 3108 789 3175 compescere
805 3100 981 3174 nequeunt,
998 3088 1116 3153 caudas
1134 3109 1242 3151 eorum
1258 3100 1290 3151 et
1305 3100 1374 3151 sata
1388 3087 1454 3170 jam

499 3183 533 3251 in
556 3210 677 3252 messes
700 3190 911 3271 germinantia
935 3190 1059 3252 lacibus
1082 3189 1247 3252 succensis
1269 3198 1303 3251 et
1324 3207 1453 3251 succen-

500 3289 651 3352 dentibus
666 3291 791 3352 inureut
809 3290 842 3352 in
858 3291 1075 3374 correptiones
1097 3301 1128 3354 et
1148 3291 1332 3373 exemplum
1355 3288 1455 3351 omnis

499 3386 604 3452 carnis
621 3400 652 3452 et
663 3389 887 3470 generationis.
919 3390 984 3454 Sed
1000 3390 1079 3473 quid
1093 3390 1189 3453 rerba
1204 3410 1315 3452 eorum
1329 3384 1453 3452 recolo?

500 3512 520 3552 a
548 3490 703 3553 fructibus
733 3511 841 3553 eorum
873 3512 1104 3574 cognoscemus
1133 3512 1198 3554 eos.
1255 3491 1322 3555 Vos
1352 3501 1454 3554 autem

502 3588 736 3673 (dilectissime)
747 3614 819 3675 quae
835 3592 922 3656 circa
934 3616 989 3657 vos
1005 3603 1081 3657 sunt
1095 3593 1188 3655 nobis
1203 3592 1376 3657 rescribere
1392 3611 1455 3655 uon

501 3693 685 3774 gravemini,
700 3703 731 3755 et
746 3694 873 3757 interim
888 3695 923 3757 in
945 3694 1155 3758 subventione
1170 3692 1318 3757 ecclesiae
1331 3693 1453 3757 naufra-

500 3795 613 3877 gantis,
622 3795 719 3858 immo
729 3795 799 3879 jam
811 3798 989 3860 auxiliante
1000 3799 1073 3861 Deo
1086 3797 1350 3875 convalescentis,
1358 3797 1456 3861 talen·

501 3906 569 3959 tum
583 3896 675 3958 vobis
690 3896 846 3959 creditum
863 3919 1002 3979 erogare.
1034 3900 1119 3962 Nam
1135 3899 1269 3962 fortasse
1284 3920 1344 3982 pro
1360 3899 1456 3962 salute

504 3997 676 4060 multorum
688 4019 745 4060 vos
760 3998 802 4060 ad
817 4000 905 4061 illam
917 3998 1095 4064 barbariem
1108 4001 1270 4064 Dominus
1282 3999 1459 4077 destinavit,

499 4113 534 4165 ut
549 4101 686 4164 contrito
702 4102 883 4164 schismatis
900 4102 1017 4185 capite,
1030 4101 1235 4166 Coloniensis
1250 4105 1391 4168 ecclesia
1402 4121 1457 4187 per

499 4201 687 4267 industriam
711 4215 845 4266 vestram
872 4202 912 4265 ad
942 4205 1135 4267 catholicam
1160 4204 1271 4268 redeat
1295 4207 1455 4270 unitatem.

499 4308 677 4387 Imperator
691 4302 788 4382 enim,
803 4305 895 4388 quasi
911 4307 1003 4369 torris
1018 4317 1130 4391 raptus
1145 4306 1185 4370 de
1201 4307 1367 4385 incendio,
1381 4327 1454 4370 con·

500 4408 592 4472 susus
614 4406 656 4469 ab
680 4407 758 4469 urbe
781 4405 932 4471 recessit:
963 4419 995 4472 et
1017 4409 1094 4472 licet
1113 4408 1208 4473 soetor
1229 4408 1421 4474 cadaverum
1440 4427 1458 4469 a
