3384 5525
363 752 421 810 lta
648 765 785 810 Joassrs
803 762 1088 808 strassusarsusm
1224 743 1270 825 [a.
1288 763 1316 807 u.

378 1006 599 1069 EPISTOLA
631 1003 869 1067 coxan-ar>
898 1019 1104 1064 cosvsuron
1137 1019 1303 1065 accensus

564 1123 841 1169 cauroanrausrs.
890 1103 935 1182 [a.
955 1121 985 1165 n.
1006 1101 1114 1182 llos]

370 1275 581 1338 Universiluti
603 1280 788 1336 structorum
810 1276 866 1354 qui
882 1271 918 1334 in
937 1271 1047 1353 primo
1063 1271 1319 1333 Britannicarum

407 1377 611 1439 senesanna
637 1374 870 1439 Cantauriensi
891 1371 1039 1435 Ecclesia
1054 1371 1197 1434 Domino
1210 1373 1320 1453 fumu-

410 1481 532 1555 lantur‚
548 1495 718 1541 conservus
732 1496 851 1547 emam,
866 1477 1051 1556 etsrutrum
1067 1472 1224 1535 minimas
1238 1476 1321 1536 salu·

410 1588 482 1655 tem,
498 1587 530 1644 et
549 1589 676 1664 pratum
700 1578 770 1641 Deo
785 1578 994 1640 obedientiam
1017 1578 1157 1638 uictimis
1179 1576 1321 1639 omnibus

408 1685 581 1766 (anteferre.

411 1820 525 1893 Urna,
548 1815 759 1879 amantissimi
783 1814 905 1875 domiui
929 1814 992 1875 mei
1015 1823 1048 1876 et
1067 1813 1250 1877 dulcissimi
1264 1814 1321 1877 fra-

367 1929 440 1992 tres,
457 1916 626 1980 exordiar?
652 1916 748 1980 Unde
765 1914 895 1998 spiritus
911 1914 1008 1979 tristis
1023 1925 1055 1977 et
1069 1916 1174 1979 alieno
1187 1926 1322 1980 constar-

367 2031 460 2082 natus
475 2040 576 2080 errore
594 2019 681 2081 vorbi
697 2029 800 2081 sumet
816 2017 942 2080 initium
956 2016 967 2080 l
991 2018 1064 2089 Quo
1081 2018 1205 2081 miserae
1218 2031 1249 2082 et
1260 2039 1321 2102 prae

368 2121 477 2183 dolore
493 2121 675 2202 languentis
688 2120 802 2181 animae
814 2119 1033 2202 progredietur
1045 2118 1146 2183 oratio
1161 2119 1172 2182 ?
1197 2121 1323 2184 Poterat

369 2225 524 2286 hactenus
547 2236 650 2285 vestra
675 2224 724 2301 (ut
749 2223 844 2285 verbo
868 2222 1135 2305 temperatissimo
1166 2235 1199 2287 et
1228 2222 1323 2303 digno

369 2325 506 2388 dominis
530 2328 613 2399 utar)
636 2324 832 2405 negligentia
855 2325 1020 2387 excusari:
1045 2323 1102 2387 sed
1117 2346 1197 2388 ecce
1212 2325 1240 2388 si
1256 2325 1323 2408 quis

368 2425 452 2509 vulgi
465 2439 616 2509 sequatur
631 2426 826 2510 opinionem,
836 2437 929 2507 tepor
939 2427 971 2488 in
983 2426 1095 2489 odium
1112 2436 1324 2490 commutatus

369 2543 427 2607 cst,
458 2528 654 2609 negligentia
684 2528 808 2589 transiit
837 2528 869 2590 in
902 2539 1130 2612 contemptum,
1160 2528 1323 2592 caritatem

368 2632 502 2694 mentita
517 2631 689 2704 simulatio,
706 2630 810 2713 erupit
825 2630 857 2692 in
873 2630 1028 2708 fraudem,
1042 2640 1074 2694 et
1090 2651 1126 2694 se
1149 2629 1324 2694 manifestis

370 2755 473 2798 rerum
491 2733 686 2816 argumentis
702 2732 864 2796 convincit
878 2754 948 2797 esse
970 2732 1150 2817 perfidiam.
1200 2734 1252 2799 lta
1267 2731 1322 2812 (iu-

370 2837 483 2918 quam)
500 2836 524 2899 si
550 2834 638 2917 vulgi
661 2834 866 2898 convalescat
888 2833 1009 2917 opinio.
1055 2833 1120 2897 Sed
1143 2834 1262 2918 quibus
1284 2834 1322 2898 de

368 2949 484 3002 caetero
497 2937 612 3021 poterit
623 2935 870 3017 allegationibus
882 2933 1053 2998 infirmari?
1075 2934 1225 2999 Profecto
1239 2935 1324 3021 quod

369 3042 402 3102 in
418 3041 560 3104 fraudem
577 3039 637 3101 Dei
658 3033 819 3122 praesumit
835 3038 996 3119 sapientia
1010 3037 1126 3116 carnis,
1150 3059 1278 3122 semper
1291 3038 1323 3100 iu

371 3143 561 3204 contrarium
586 3139 749 3223 proposito
769 3139 874 3222 pergit
897 3151 1055 3215 eventum,
1070 3150 1102 3200 et
1117 3138 1203 3202 unde
1220 3159 1324 3223 spera·

370 3244 489 3305 bantur
504 3242 699 3324 compendia
721 3241 905 3322 voluptatis,
921 3239 995 3302 inde
1019 3240 1117 3303 totius
1133 3241 1280 3305 utilitatis
1294 3253 1325 3305 et

372 3342 558 3404 intentionis
574 3341 743 3424 dispendia
757 3344 910 3405 oriuntur.
956 3342 1010 3405 Sic
1032 3341 1151 3420 Judaei,
1166 3364 1207 3406 ne
1221 3344 1324 3407 locum

371 3441 550 3523 perderent,
566 3461 605 3502 ne
622 3442 822 3506 sacerdotum
844 3443 1007 3526 principes
1023 3443 1128 3525 gentis
1145 3445 1325 3508 amitterent

371 3551 572 3626 potestatem,
585 3540 714 3606 Christo
722 3544 926 3607 tetenderunt
937 3543 1088 3608 insidias:
1104 3555 1137 3609 et
1147 3555 1327 3610 corruentes

372 3644 541 3707 infersam
559 3665 654 3727 quam
671 3644 814 3708 fecerunt
830 3646 1030 3709 venientibus
1046 3646 1205 3710 Romanis
1219 3648 1324 3710 locum

371 3745 587 3829 perdiderunt,
609 3754 641 3809 et
663 3755 801 3827 gentem.
850 3746 904 3810 sic
927 3758 959 3811 et
981 3769 1049 3825 vos,
1072 3749 1099 3810 si
1124 3758 1233 3812 tamen
1256 3768 1325 3812 vera

373 3858 448 3910 sunt
463 3870 533 3931 quae
548 3849 663 3930 vulgus
678 3849 805 3926 clamat,
817 3851 1016 3931 nequeenim
1032 3850 1126 3914 facile
1138 3850 1325 3917 crediderim

372 3948 458 4030 quod
474 3950 507 4010 in
524 3960 644 4011 tautam
665 3948 860 4028 vigilantiam
877 3962 909 4012 et
925 3949 1175 4013 sollicitudinem
1199 3951 1325 4014 caeoitas

373 4061 461 4112 tauta
476 4049 638 4121 ceciderit,
654 4051 700 4111 sic
717 4050 849 4133 inquam
866 4051 995 4114 misistis
1010 4049 1051 4113 ad
1066 4072 1177 4133 regem
1192 4064 1227 4115 ut
1242 4049 1325 4135 quod

373 4152 414 4215 ad
430 4174 503 4215 eum
519 4173 584 4214 non
601 4152 747 4232 pertinet,
767 4153 871 4233 priore
885 4165 1010 4215 mortuo
1032 4153 1124 4215 vobis
1139 4154 1238 4217 alium
1254 4153 1325 4217 suh·

371 4264 504 4335 rogaret.
523 4252 609 4325 Quid
619 4252 717 4326 aliud,
731 4275 851 4337 quaeso,
862 4255 938 4318 fecit
948 4255 1191 4319 lsraelabseute
1201 4256 1325 4339 Moyse,

372 4359 411 4419 ab
428 4359 532 4420 Aaron
548 4366 704 4437 expetens
720 4365 756 4418 ut
771 4356 862 4419 Deos
885 4357 1054 4420 fabricaret
1077 4356 1134 4439 qui
1158 4377 1193 4419 se
1209 4377 1323 4440 praece·
