3384 5525
496 766 715 857 1170]
1294 794 1654 842 nmsroLAE.
2282 788 2407 845 227

511 1064 961 1130 EPISTOLA
1006 1066 1547 1130 CCXCIV.--An
1576 1084 1947 1131 ROBERTUM
1977 1087 2360 1133 sAcmsrAM.

1228 1170 1320 1245 [A.
1343 1187 1404 1230 D.
1443 1168 1659 1248 1170.]

1020 1318 1200 1383 Idem
1230 1320 1505 1383 Roberto
1535 1320 1862 1384 Sacristce.

575 1445 1037 1507 DEVOTIONEM
1090 1465 1283 1528 quam
1337 1442 1534 1506 habes
1586 1443 1666 1507 ad
1722 1465 1821 1506 me
1872 1444 2142 1510 nuncius
2195 1461 2402 1513 vester

485 1541 827 1627 diligenter
872 1544 1198 1630 exposuit,
1244 1557 1307 1609 et
1354 1566 1454 1607 me
1500 1566 1623 1607 non
1670 1543 2073 1609 mediocriter
2117 1547 2195 1610 ad
2243 1549 2402 1612 refe-

486 1644 719 1709 rendas
738 1645 978 1730 gratias
999 1658 1312 1731 quantum
1335 1645 1544 1710 verbis
1568 1646 1783 1731 potuit
1804 1645 2133 1731 obligavit.
2180 1650 2396 1725 Quum

486 1747 655 1809 enim
702 1768 805 1809 me
852 1759 1031 1809 tanto
1074 1745 1249 1810 exilii
1294 1759 1580 1832 tempore
1625 1761 1869 1809 veteres
1912 1747 2097 1810 amici
2142 1771 2399 1833 prorsus

484 1846 811 1912 omiserint
836 1860 900 1912 et
923 1848 1437 1934 contempserint,
1461 1846 1588 1911 illis
1617 1847 1731 1933 qui
1762 1846 1985 1912 saltem
2018 1847 2184 1912 bona
2207 1851 2401 1914 verba

484 1949 610 2014 sub
640 1948 761 2014 hac
792 1961 1168 2036 tempestate
1207 1950 1577 2036 proscriptis
1605 1950 2072 2014 communicant
2104 1951 2201 2015 his
2231 1973 2397 2036 quos

484 2050 591 2116 alii
618 2065 1159 2137 contempserunt,
1188 2053 1537 2139 praesertim
1574 2074 1777 2138 quum
1797 2051 2068 2116 facultas
2091 2075 2216 2117 non
2249 2077 2397 2140 sup-

484 2165 665 2239 petat
710 2166 786 2218 ut
817 2176 924 2218 eos
965 2177 1158 2239 opere
1200 2155 1625 2232 consolentur,
1656 2154 1997 2218 amicitiam
2031 2168 2223 2239 prout
2256 2180 2398 2242 pos-

486 2268 660 2333 sunt,
705 2255 1008 2321 videntar
1050 2256 1275 2337 colere,
1303 2269 1368 2321 et
1413 2255 1781 2321 ulteriorem
1826 2259 2100 2340 gratiam
2145 2279 2396 2342 prome-

486 2358 650 2422 reri:
707 2358 760 2421 si
807 2357 1069 2445 quidem
1120 2359 1306 2435 ratio,
1359 2381 1485 2423 non
1535 2358 1750 2422 minus
1791 2358 2144 2423 animorum
2198 2384 2395 2446 quam

484 2482 698 2525 rerum
759 2473 984 2546 pensat
1040 2460 1381 2547 impendia.
1484 2464 1847 2546 Censetque
1907 2462 2395 2547 praeponderare

484 2561 728 2628 lancem
761 2585 910 2648 quae
940 2561 1213 2627 solidata
1246 2562 1511 2626 caritate
1542 2562 1859 2647 repletur:
1904 2575 1970 2627 et
1999 2586 2148 2648 quae
2177 2586 2388 2629 rerum

486 2664 813 2729 levitatem
844 2664 1125 2752 praefert,
1154 2676 1218 2728 et
1246 2663 1415 2728 fictae
1444 2663 1803 2729 dilectionis
1831 2664 2204 2729 umbratiles
2233 2688 2395 2751 prae·

482 2765 692 2832 tendit
720 2767 1046 2850 imagineS,
1074 2767 1409 2853 suspendit
1438 2767 1502 2830 iu
1534 2790 1739 2831 auraS.
1802 2769 2209 2832 Perseverate
2240 2791 2393 2852 ergo

482 2866 549 2932 in
591 2891 671 2932 eo
714 2869 891 2956 quod
935 2870 1207 2935 fideliter
1250 2868 1595 2955 incepistis,
1640 2883 1703 2933 et
1750 2868 2149 2933 devotionem
2194 2891 2389 2953 quam

478 2971 651 3056 patri
673 2984 883 3036 vestro
904 2972 1169 3054 debetiS,
1187 2986 1251 3037 et
1272 2972 1552 3036 ecclesiae
1578 2970 1888 3035 laboranti
1912 2972 2214 3033 continua
2236 2973 2398 3035 cari-

481 3070 635 3135 tatis
664 3070 1054 3136 exhibitione
1078 3074 1375 3158 quotiens
1404 3072 1600 3136 fuerit
1638 3081 2073 3156 opportunum
2107 3068 2389 3154 proferte

481 3170 546 3234 in
578 3171 821 3238 lucem:
869 3187 944 3239 ut
986 3186 1114 3240 tam
1146 3199 1184 3239 a
1216 3180 1355 3241 Deo
1395 3196 1590 3261 quam
1620 3173 1703 3237 ab
1733 3172 1872 3258 ipso
1912 3170 2388 3258 archiepiscopo

481 3273 665 3338 vobis
705 3273 772 3336 in
814 3275 1227 3340 retributione
1257 3275 1433 3340 verbi
1478 3273 1940 3361 respondeatur
1978 3295 2097 3358 pro
2125 3273 2388 3338 meritiS.

483 3374 677 3449 Quod
723 3378 866 3439 Deo
915 3376 1305 3462 propitiante
1350 3376 1648 3441 futurum
1704 3387 1998 3461 speratur
2048 3376 2113 3438 in
2170 3375 2384 3441 brevi:

483 3479 636 3562 quia
678 3500 804 3541 non
850 3477 1132 3542 creditur
1174 3477 1347 3564 apud
1393 3501 1508 3544 nos
1550 3476 1726 3564 quod
1773 3500 1901 3564 pax
1951 3476 2229 3542 ecclesiae
2273 3477 2385 3541 diu

482 3578 723 3644 differri
753 3581 971 3667 possit.
1058 3580 1183 3645 Sed
1214 3594 1277 3645 et
1309 3581 1471 3644 hanc
1500 3580 1581 3644 ad
1614 3581 1916 3644 honorem
1948 3579 2071 3645 Dei
2100 3592 2164 3644 et
2193 3579 2388 3643 eccle-

480 3681 590 3747 siae
638 3681 978 3747 utilitatem
1024 3681 1307 3748 creditur
1346 3695 1824 3769 proventuram,
1852 3703 1977 3745 non
2020 3694 2091 3746 ut
2121 3680 2388 3766 quidam

479 3783 730 3849 mentiti
751 3797 898 3850 sunt
931 3785 993 3848 in
1017 3785 1448 3848 confusionem
1480 3783 1722 3848 domini
1747 3786 2053 3850 Cantuar.
2077 3797 2139 3846 et
2165 3805 2387 3846 eorum

480 3885 594 3970 qui
637 3908 755 3972 pro
793 3887 1048 3973 justitia
1095 3887 1513 3951 decreverunt
1558 3907 1819 3971 ponere,
1863 3885 1916 3950 si
1959 3908 2124 3972 opus
2166 3884 2390 3964 fuerit,

479 3987 719 4052 animas
749 4011 917 4053 suas,
1007 3990 1143 4052 Nec
1187 3988 1457 4053 doleatis
1502 3988 1555 4052 si
1601 3987 2143 4072 Rothomagensis
2185 3986 2389 4051 archi-

482 4088 814 4176 episcopus
844 4103 909 4155 et
939 4090 1275 4177 episcopus
1318 4091 1732 4156 Nivernensis
1774 4090 1840 4155 in
1872 4089 2173 4176 Angliam
2203 4110 2390 4153 vene-

477 4189 635 4256 rint:
671 4215 834 4277 quos
864 4197 1029 4258 sicut
1052 4216 1171 4279 pro
1200 4193 1457 4258 ecclesia
1486 4191 1859 4278 plurimum,
1880 4191 1973 4257 ita
1999 4209 2221 4257 contra
2247 4211 2387 4255 eam

484 4297 585 4357 vel
630 4293 957 4361 dominum
1008 4298 1315 4361 Cantuar.
1356 4309 1468 4360 aut
1515 4319 1663 4360 suos
1704 4293 1859 4358 nihil
1907 4297 2159 4361 omnim
2203 4355 2205 4360 ,
2264 4361 2268 4366 2

475 4399 901 4466 certissimum
931 4412 1046 4464 est.
1141 4398 1265 4464 Sed
1299 4421 1413 4463 nec
1442 4421 1549 4463 eos
1582 4397 1741 4463 velle
1772 4417 1995 4461 nocere
2027 4417 2095 4457 cr
2157 4465 2177 4471 q

1373 4523 1415 4572 Q
1446 4507 1485 4563 2
