3384 5525
368 759 477 839 nna]
753 778 931 825 amaruan.
1263 770 1325 829 207

363 950 452 993 suam
465 932 479 991 l
503 926 584 1003 Quis
596 949 615 991 a
626 926 722 992 domo
733 927 803 1012 ejus
818 941 940 994 avertet
951 930 1095 1015 gladium
1109 931 1250 1007 Domini,
1265 932 1325 1017 qui

361 1042 510 1115 potentes
531 1029 695 1115 potentius
716 1028 821 1113 punit,
846 1042 977 1117 torquet
998 1045 1030 1096 et
1047 1033 1151 1098 aufert
1174 1033 1320 1120 spiritum

365 1131 576 1219 principum?

405 1238 493 1301 Ecce
522 1256 595 1297 cum
621 1232 803 1300 Teutonico
825 1246 963 1319 tyranno
984 1235 1064 1321 quid
1079 1237 1191 1323 egerit,
1215 1260 1321 1323 quern,

365 1336 450 1402 sicut
464 1334 551 1400 fama
565 1334 697 1421 publica
711 1346 771 1410 est,
787 1335 874 1421 apud
891 1358 958 1413 nos,
974 1336 1061 1402 velut
1081 1338 1168 1402 illam
1185 1350 1324 1404 statuam

364 1460 462 1523 quarn
481 1435 779 1502 Nabuchodonosor
800 1436 883 1501 vidit
899 1436 929 1499 in
951 1438 1078 1519 somnis,
1092 1438 1237 1523 podagra
1250 1462 1324 1525 per·

363 1538 463 1603 cussit
480 1537 512 1601 in
529 1538 678 1625 pedibus,
695 1552 730 1603 ut
745 1538 892 1602 incedere
907 1553 1043 1624 nequeat
1054 1540 1113 1604 nisi
1129 1543 1321 1625 stipatorum

364 1639 489 1706 auxilio
512 1640 674 1705 fulciatur.
720 1644 765 1705 Et
788 1639 918 1726 quidem
946 1663 1017 1725 spes
1040 1653 1099 1721 est,
1121 1654 1158 1705 ut
1181 1640 1213 1704 in
1236 1640 1324 1704 brevi

364 1754 475 1828 pateat
495 1741 596 1807 ruinae
619 1764 756 1826 magnas,
779 1741 973 1826 Christoque
998 1765 1093 1827 quem
1118 1741 1150 1806 in
1174 1741 1325 1806 membris

363 1841 582 1928 persequitur,
598 1841 676 1906 dum
693 1841 873 1905 libertatem
883 1841 1021 1906 ecclesiae
1039 1845 1224 1908 subvertere
1238 1865 1327 1929 quae·

366 1944 421 2025 rit,
435 1943 588 2008 concedat
603 1942 737 2028 gloriam
754 1944 806 2006 vel
820 1943 950 2009 invitus.

411 2047 481 2110 Iter
491 2062 599 2109 antem
615 2044 943 2130 Hierosolymitanum
955 2046 1040 2130 quod
1053 2047 1210 2132 aregibus
1220 2045 1327 2131 dispo·

366 2148 465 2212 sitnm
487 2161 548 2224 est,
571 2146 649 2234 quid
673 2145 827 2231 proderit,
855 2146 881 2208 si
906 2169 967 2210 non
991 2161 1064 2214 ante
1084 2170 1147 2233 pax
1172 2146 1326 2212 reddatur

365 2247 530 2313 ecclesiae?
558 2248 641 2311 Nam
657 2268 758 2333 quum
774 2260 868 2311 aetate
884 2260 991 2313 nostra
1005 2248 1135 2312 maximi
1150 2261 1181 2313 et
1197 2247 1325 2334 plurimi

365 2350 528 2437 principes
550 2349 684 2414 similem
708 2349 994 2436 peregrinationem
1017 2350 1151 2416 inissent
1173 2349 1325 2436 aggressi,

365 2455 413 2517 rei
429 2451 623 2529 miserrimus
644 2465 677 2516 et
699 2450 837 2517 ecclesiae
861 2452 1017 2516 dolendus
1040 2466 1173 2517 eventus
1195 2453 1323 2518 edocuit

364 2554 407 2619 de
421 2553 541 2641 rapinis
556 2567 589 2618 et
603 2553 729 2640 injuriis
743 2552 851 2617 oblata
874 2576 1006 2618 munera
1026 2558 1097 2619 Deo
1112 2578 1174 2619 non
1190 2554 1325 2640 placere,

364 2657 443 2722 dum
472 2658 591 2743 ingrati
618 2656 709 2721 labor
737 2655 883 2741 obsequii
913 2678 1044 2742 prorsus
1069 2656 1101 2721 in
1128 2657 1322 2723 contrarium

364 2759 534 2846 proposito
549 2756 640 2824 cessit
656 2770 816 2824 eventum.
857 2758 914 2822 Sui
929 2757 1198 2824 inconsolabiliter
1212 2761 1324 2843 lugent

367 2861 513 2927 similiter
541 2860 740 2926 incedentem
769 2872 801 2925 et
831 2859 1005 2945 patientem
1034 2861 1149 2925 similia
1177 2860 1325 2925 comitem

367 2965 611 3040 Niverncnsem‚
623 2985 717 3048 quem
734 2985 797 3026 non
811 2962 1004 3027 Parthorum
1016 2962 1136 3048 jacula,
1149 2984 1211 3025 non
1228 2962 1324 3046 Syro·

366 3087 439 3129 rum
466 3064 575 3148 gladii,
597 3077 634 3128 ut
660 3085 717 3128 nec
741 3062 879 3148 gloriosa
900 3086 984 3127 mors
1006 3063 1065 3126 viri
1088 3063 1180 3127 fortis
1201 3061 1323 3148 aliquid

366 3165 591 3232 consolationis
610 3166 755 3230 afferret:
780 3166 836 3230 sed
856 3166 1028 3251 lachrymae
1043 3164 1225 3243 viduarum,
1246 3188 1325 3251 pau-

354 3290 482 3355 perum
504 3268 654 3353 gemitus,
676 3268 879 3333 ecclesiarum
907 3269 1054 3355 querelae,
1078 3268 1254 3332 creduntur
1276 3268 1324 3332 in·

366 3367 506 3453 glorium
516 3367 705 3433 'extinxisse
752 3368 843 3432 Licet
865 3379 972 3432 autem
994 3367 1034 3432 sit
1049 3368 1081 3433 in
1097 3367 1193 3432 finem
1207 3367 1325 3432 biennii

366 3483 550 3534 memoratae
567 3470 773 3556 profectionis
794 3470 895 3535 dilata
909 3471 1096 3536 necessitas:
1121 3485 1226 3536 tamen
1242 3470 1268 3534 si
1283 3469 1325 3534 ad

367 3569 520 3634 honorem
544 3571 606 3635 Dei
629 3584 661 3635 et
685 3570 933 3655 demigrantium
957 3571 1090 3636 salutem
1113 3571 1255 3636 inchoari
1270 3571 1325 3634 de-

367 3671 424 3736 bet
445 3684 502 3736 ant
523 3671 645 3759 peragi,
669 3686 796 3757 tempus
817 3672 914 3736 breve
940 3685 997 3738 est.
1050 3675 1132 3738 Nam
1155 3672 1324 3757 proverbio

369 3771 566 3837 Francorum
597 3774 661 3838 dici
691 3774 788 3838 solet:
826 3775 933 3839 Stulto
967 3774 1144 3841 dormiente
1172 3779 1325 3840 terminus

367 3872 535 3937 creditoris
555 3873 717 3940 accelerat.
763 3875 891 3940 Dormit
915 3873 1046 3952 stultus,
1063 3875 1118 3940 sed
1141 3897 1247 3941 usurae
1262 3899 1324 3941 non

369 3970 546 4038 dormiunt.

414 4070 478 4134 Sed
499 4070 579 4157 quid
601 4083 648 4137 est
668 4071 756 4158 quod
773 4095 828 4138 vos
850 4075 884 4138 in
904 4072 963 4138 hac
986 4087 1075 4160 parte
1099 4072 1246 4156 sollicito,
1267 4080 1323 4164 qui

368 4170 582 4238 indesinenter
597 4187 629 4238 et
644 4197 740 4261 supra
753 4176 835 4241 vires
846 4175 927 4241 hanc
939 4176 1184 4243 sollicitudinem
1196 4182 1323 4264 geritis:

369 4276 430 4343 nisi
445 4277 534 4364 quod
550 4277 614 4342 scio
629 4300 686 4342 vos
705 4277 839 4343 multam
858 4279 900 4344 ad
920 4294 1046 4345 tantum
1066 4281 1241 4366 principem
1258 4296 1323 4348 tam

370 4377 491 4445 bonum
515 4379 678 4446 dominum
703 4380 819 4446 habere
839 4381 1014 4462 caritatem,
1040 4395 1076 4446 ut
1099 4381 1232 4447 salutem
1255 4387 1324 4472 ejus
