3384 5525
735 774 950 852 1168.]
1503 788 1859 833 Eplsrotae.
2517 775 2636 833 185

725 939 1087 1004 sollicitudo
1119 941 1420 1003 firmasse.
1493 942 1594 1004 Sic
1623 955 1688 1003 ct
1725 941 1956 1003 Petrus
1986 939 2333 1023 trepidavit
2367 939 2479 1002 ubi
2510 961 2633 1002 non

723 1054 855 1103 erat
901 1041 1119 1115 timor,
1150 1052 1215 1103 et
1257 1039 1566 1126 impedire
1612 1053 1883 1102 conatus
1932 1051 2028 1102 est
2073 1038 2371 1101 humanae
2415 1037 2637 1101 salutis

727 1142 1120 1227 mysterium,
1147 1144 1302 1207 dum
1331 1140 1597 1205 carnalis
1619 1141 1870 1205 affectio
1894 1140 2147 1204 studuit
2168 1141 2250 1203 ab
2274 1140 2383 1205 illa
2416 1140 2635 1204 Domi-

727 1267 873 1308 num
907 1244 1284 1330 praepedire.
1377 1248 1523 1308 Non
1571 1265 1710 1307 sum
1756 1245 1916 1307 adeo
1960 1242 2261 1328 stupidus
2291 1243 2447 1328 quin
2494 1264 2637 1328 per-

730 1347 999 1432 pendam
1053 1347 1456 1409 necessitates
1519 1358 1686 1424 tuaS‚
1737 1345 1891 1430 quin
1959 1346 2283 1429 angustias
2349 1343 2634 1418 sentiam,

729 1448 883 1532 quin
914 1450 1145 1511 metiar
1173 1447 1612 1511 discretionem
1647 1469 1779 1532 qua
1806 1460 2060 1531 oportet
2101 1447 2367 1530 tempori
2398 1468 2633 1509 morem

725 1572 965 1633 gerere,
1012 1565 1074 1613 et
1131 1550 1397 1612 transire
1447 1571 1562 1634 per
1604 1548 1928 1611 infamiam
1982 1561 2045 1611 et
2093 1547 2325 1609 famam
2379 1547 2636 1624 bonam,

731 1665 977 1715 servata
1004 1665 1216 1715 tamen
1249 1651 1461 1715 radice
1491 1650 1640 1713 fidei
1672 1662 1738 1713 et
1770 1650 2047 1714 virtutis,
2112 1649 2178 1711 Si
2211 1663 2396 1728 taceS,
2422 1652 2477 1713 si
2509 1672 2634 1712 non

730 1752 967 1828 scribiS,
1013 1751 1265 1816 cautela
1308 1753 1586 1816 declinas
1637 1751 1913 1816 insidias
2011 1750 2294 1835 Expedit
2347 1751 2514 1813 enim
2563 1764 2636 1815 ut

730 1854 1073 1918 officiorum
1129 1854 1516 1919 moderatrix
1577 1854 1923 1939 prudentia
1980 1857 2280 1939 sapientis
2338 1869 2520 1917 actus
2571 1867 2636 1918 et

735 1957 922 2021 verba
951 1957 1294 2043 dispenset.
1359 1957 1601 2022 Mentis
1623 1972 1839 2020 autem
1862 1957 2126 2041 agitatio
2150 1955 2320 2021 nulla
2343 1957 2406 2019 vi
2429 1969 2636 2041 potest

733 2058 1027 2122 cohiberi.
1133 2062 1270 2124 Nec
1330 2081 1516 2143 aquae
1577 2058 1798 2122 multae
1855 2058 2203 2144 praevalent
2263 2056 2638 2140 extinguere

736 2162 1084 2223 caritatem.
1203 2159 1424 2243 Hujus
1502 2158 1807 2221 instinctu
1894 2157 2156 2222 latorem
2231 2156 2637 2241 praesentium

739 2261 934 2336 emisi,
977 2272 1052 2324 ut
1100 2260 1180 2323 de
1231 2261 1448 2324 amicis
1498 2261 1800 2325 certificet
1854 2275 1917 2324 et
1975 2283 2080 2323 eos
2138 2259 2219 2322 de
2272 2273 2439 2324 statu
2503 2281 2641 2321 meo

735 2363 955 2426 faciam
1000 2363 1317 2427 certiores·
1417 2362 1607 2425 Valeo
1651 2362 1820 2426 enim
1865 2376 1926 2425 et
1964 2361 2279 2447 jocundor
2309 2364 2361 2425 si
2407 2361 2495 2423 sic
2525 2360 2637 2425 illi.

742 2462 978 2528 Valete.

737 2753 1176 2818 EPISTOLA
1223 2754 1860 2819 CCLXXVII.—Ao
1891 2774 2304 2820 WILLELMUM
2338 2769 2640 2816 PmoREM

1211 2876 1297 2919 DE
1328 2875 1627 2920 MERToN.
1724 2857 1815 2936 [A.
1853 2876 1911 2919 n.
1952 2858 2166 2935 1168.]

1081 3047 1262 3111 Idem
1307 3049 1607 3111 Willelmo
1640 3051 1855 3111 Priori
1883 3049 1959 3110 de
1986 3048 2299 3110 Mer-iton.

824 3185 1092 3246 Anum—A
1149 3181 1544 3266 promotione
1615 3196 1823 3246 vestra
1880 3184 2135 3266 gavisus
2195 3202 2359 3257 sum,
2419 3179 2641 3245 videns

741 3284 919 3348 illum
964 3283 1221 3346 domino
1262 3308 1402 3348 meo
1446 3299 1509 3349 et
1556 3286 1759 3351 amico
1805 3285 2130 3361 substitui,
2168 3284 2270 3348 cui
2318 3283 2399 3347 ad
2444 3283 2641 3347 hono·

742 3409 866 3449 rem
895 3385 1021 3449 Dei
1043 3399 1106 3449 et
1132 3385 1472 3450 utilitatem
1499 3387 1770 3452 fratrum
1804 3387 2111 3451 neminem
2139 3390 2201 3451 in
2227 3399 2362 3451 tota
2385 3385 2646 3451 ecclesia

741 3490 952 3552 censui
1000 3487 1486 3572 praeferendum.
1579 3491 1747 3554 Nam
1795 3504 2034 3576 quanta
2080 3490 2408 3554 affectione
2452 3488 2644 3553 eccle-

743 3593 892 3652 siam
943 3589 1206 3673 diligam
1256 3589 1433 3654 novit
1480 3590 1587 3655 ille
1635 3592 1806 3656 solus
1858 3595 1972 3679 qui
2023 3591 2202 3656 dedit
2251 3604 2320 3656 ut
2368 3614 2645 3654 amarem

741 3691 1027 3776 mihique
1056 3691 1485 3756 testimonium
1519 3693 1708 3778 quale
1753 3707 1960 3779 potest
1990 3692 2369 3757 conscientia
2413 3691 2643 3756 reddit.

747 3795 880 3855 Nec
924 3791 1151 3856 diffido
1194 3796 1351 3878 quin
1383 3815 1496 3877 per
1540 3795 1813 3878 gratiam
1846 3795 1970 3860 Dei
2014 3799 2080 3860 in
2110 3796 2249 3881 ejus
2293 3793 2646 3860 succedatis

744 3892 1089 3972 caritatem,
1137 3894 1252 3978 qui
1301 3895 1689 3960 successistis
1736 3894 1798 3959 in
1853 3896 2100 3963 sedem:
2167 3908 2232 3962 et.
2265 3896 2423 3984 quin
2468 3895 2645 3981 apud

745 4018 853 4059 vos
902 3994 1087 4059 illum
1139 4011 1388 4061 teneam
1438 3996 1648 4061 locum
1701 4022 1905 4113 quem·
1941 4012 2155 4067 tenere
2200 4018 2645 4065 consueveram

745 4096 913 4179 apud
960 4096 1193 4181 ipsum.
1286 4096 1381 4161 Ut
1424 4110 1633 4162 autem
1681 4122 1762 4163 ex
1807 4100 2001 4165 animi
2044 4100 2357 4167 sententia
2398 4102 2651 4187 loquat,

746 4219 842 4260 me
892 4199 1061 4263 inter
1113 4197 1346 4284 primos
1389 4200 1746 4264 carissimos
1790 4202 2155 4290 reputabat,
2195 4215 2263 4267 et
2303 4223 2387 4287 pa
2536 4232 2539 4236 ss
2576 4211 2656 4267 et

749 4300 981 4365 multos
1010 4306 1125 4387 qui
1170 4325 1270 4366 me
1299 4317 1749 4386 praecesserant
1791 4303 2053 4385 meritis,
2082 4307 2295 4393 grana
2352 4323 2355 4324 ’

749 4400 909 4467 bam.
991 4407 1157 4468 Nam
1212 4403 1292 4468 de
1345 4405 1584 4470 meritis
1634 4407 1895 4491 gloriari
1952 4430 2075 4473 non
2127 4427 2319 4491 pawn
