3384 5525
373 760 432 819 124
640 772 776 816 Joaums
792 768 1067 814 sauasanurausrs
1231 754 1277 827 [t.
1298 773 1326 816 n.

372 927 547 990 officiorum
565 924 773 1006 gerendorum
787 944 898 985 norma
909 923 1105 1005 praescribit:
1130 924 1193 987 hoc
1207 937 1327 988 certum

372 1038 419 1089 est
435 1026 589 1088 universis
604 1023 888 1087 Cantuariensibus
904 1024 1114 1105 complacere.
1162 1026 1269 1088 Amici
1281 1028 1327 1088 tui

371 1139 445 1190 suut
460 1147 569 1188 eorum
585 1124 725 1208 plurimi,
746 1135 777 1186 et
793 1122 833 1184 de
856 1136 886 1184 te
904 1122 976 1205 jure
1000 1124 1162 1187 societatis
1186 1126 1325 1209 antiquae

368 1231 456 1292 velut
472 1228 511 1291 de
529 1228 623 1289 fratre
646 1225 824 1289 confidunt.
873 1224 968 1289 Unde
984 1246 1018 1287 se
1041 1226 1236 1289 necessariis
1259 1229 1324 1290 suis

367 1331 505 1392 fatentur
527 1328 697 1403 obnoxios,
721 1339 752 1389 et
774 1328 838 1389 illis
860 1335 1013 1408 tanquam
1037 1328 1100 1390 sibi
1127 1332 1324 1412 contempla·

368 1433 454 1495 tione
469 1432 514 1494 tui
531 1426 710 1494 desiderant
726 1451 795 1491 esse
812 1441 1026 1512 prospectum.
1073 1431 1158 1492 Nam
1175 1431 1323 1514 quisquis

367 1535 479 1598 amicis
494 1554 603 1596 eorum
617 1531 804 1594 commodus
819 1543 879 1608 est,
891 1543 939 1594 est
953 1550 984 1593 et
996 1531 1068 1594 illis.
1109 1532 1203 1594 Licet
1214 1533 1323 1617 itaque

370 1637 517 1699 dominus
533 1634 741 1712 Exoniensis‚
754 1634 808 1715 qui
822 1634 891 1695 sine
904 1644 958 1695 tuo
970 1632 1152 1715 gravamine
1164 1635 1325 1698 molestari

370 1760 435 1801 non
466 1738 594 1820 poterit,
620 1757 678 1799 nec
706 1735 951 1817 archiepiscopo
977 1755 1037 1796 nec
1069 1735 1164 1798 alicui
1196 1756 1324 1799 suorum

371 1840 493 1902 amicus
512 1840 658 1901 inventus
680 1838 720 1899 sit
742 1848 796 1898 aut
819 1836 981 1898 officiosus
1004 1836 1035 1897 in
1059 1836 1187 1919 aliquo:
1219 1846 1324 1900 tarnen

374 1942 450 2023 quia
474 1940 533 2001 tibi
556 1938 629 2021 jure
657 1937 779 1999 amicus
809 1947 868 2013 est,
896 1934 990 1998 doleo
1020 1934 1107 2018 quod
1137 1938 1324 2018 perversitas

372 2039 569 2124 quorundam
586 2039 642 2100 vix
657 2038 857 2100 execrabiles
880 2038 909 2099 ei
934 2036 1067 2100 tetendit
1089 2037 1237 2117 insidias,
1252 2059 1324 2120 pro·

372 2142 481 2205 rideat
495 2143 541 2203 illi
557 2142 664 2203 Deus:
697 2152 728 2202 et
744 2150 777 2202 tu
792 2152 954 2223 praeeunte
970 2141 1069 2221 gratia
1084 2141 1241 2203 sollicitus
1257 2154 1322 2203 esto

369 2244 526 2322 suffragiis
542 2244 823 2324 eleemosynarum,
839 2242 992 2305 orationis
1008 2242 1172 2318 instantia,
1187 2254 1220 2304 et
1244 2240 1320 2304 deli-

370 2343 502 2406 berandi
533 2342 637 2405 studio
667 2342 835 2405 consilium
868 2355 962 2425 prout
992 2364 1011 2404 a
1045 2355 1135 2426 patre
1166 2343 1319 2405 luminum

370 2444 589 2528 impetraveris
615 2444 803 2506 ministrare.
850 2445 933 2505 Nam
957 2443 1020 2505 uisi
1044 2444 1135 2505 Deus
1158 2444 1320 2526 impediat,

370 2555 424 2608 aut
442 2545 718 2628 archiepiscopum
744 2543 887 2607 offendet
911 2565 982 2607 cum
1009 2543 1180 2626 dispendio
1197 2545 1320 2608 consei-

368 2646 473 2720 entiae‚
491 2656 544 2708 aut
558 2666 665 2726 regem
680 2657 711 2707 et
726 2644 903 2707 cardinales
919 2666 1004 2707 suos.
1050 2645 1253 2727 Recepturus
1274 2656 1321 2707 est

369 2748 465 2827 enim,
489 2749 515 2811 si
541 2746 683 2811 nondum
708 2746 831 2830 recepit
855 2747 975 2810 litteras
1000 2747 1189 2827 legatorum,
1213 2746 1321 2832 praeci-

369 2851 494 2933 pientes
506 2864 540 2913 ut
555 2851 699 2912 absolvat
710 2850 1008 2912 excommunicatos
1024 2848 1145 2911 domini
1156 2848 1320 2912 cantuari-
1348 2845 1350 2848 ’

369 2951 569 3034 ensis,quum
580 2951 643 3033 ipsi
653 2962 759 3013 tamen
769 2950 979 3032 praecipiendi
991 2950 1036 3012 sic
1050 2951 1169 3012 nullam
1183 2949 1320 3011 habeant

313 3119 316 3123 ,
369 3051 770 3132 potestatem‚sedinhibiti
780 3051 843 3113 sint
853 3049 965 3113 litteris
975 3049 1319 3131 apostolicisrlngliam

367 3151 503 3230 ingredi,
528 3154 574 3214 vel
602 3175 635 3215 se
662 3152 702 3214 de
729 3151 817 3232 regni
848 3150 985 3232 negotiis
1012 3149 1233 3221 intromittere,
1260 3148 1319 3210 nisi

366 3252 453 3332 prius
469 3253 708 3336 archiepiscopo
724 3274 788 3335 pax
803 3251 987 3335 plenissime
1007 3250 1203 3314 reformetur.
1249 3250 1319 3312 Alia

367 3372 495 3434 quoque
522 3354 735 3434 praeceptione
760 3354 842 3437 jussi
870 3363 945 3414 suut
969 3364 1162 3414 memoratos
1190 3372 1318 3415 excom·

367 3454 547 3515 manicatos
577 3455 645 3515 sine
684 3453 848 3530 dilatione,
879 3454 965 3516 omni
996 3453 1211 3536 appellatione
1252 3473 1316 3515 ces·

364 3563 464 3629 sarrte,
494 3574 646 3636 reponere
677 3555 708 3615 in
741 3555 931 3619 sententiam
961 3554 1317 3630 excommunicationis,

363 3655 425 3717 nisi
441 3654 667 3717 satisfecerint:
698 3667 792 3737 prout
808 3656 913 3719 ridere
936 3666 1028 3738 potes
1045 3677 1088 3717 ex
1102 3655 1217 3718 litteris
1242 3675 1318 3737 qua·

363 3778 432 3819 rum
448 3757 507 3818 tibi
532 3757 622 3819 mitto
646 3758 845 3838 rescriptum.
892 3756 1164 3819 Archidiaeonum
1190 3774 1317 3838 quoque

364 3857 597 3919 Pictaviensem
622 3856 792 3918 cardinalis
813 3857 922 3939 Papiae
948 3878 1052 3938 nuper
1075 3856 1223 3920 absolvit.
1266 3856 1319 3918 Ex

363 3980 429 4040 quo
444 3970 533 4039 patet
548 3980 642 4041 quam
662 3959 750 4019 nulla
767 3959 896 4020 {uerita
916 3958 1073 4022 Gualensi
1095 3959 1251 4041 episcopo
1275 3957 1317 4018 eis

365 4062 483 4123 collata
505 4061 673 4135 absolutio,
695 4071 725 4122 et
748 4081 844 4140 quam
869 4059 1046 4141 periculose
1070 4058 1112 4120 sit
1134 4059 1181 4121 eis
1202 4057 1318 4122 exinde

364 4161 641 4223 communicatum.
688 4160 722 4223 si
741 4181 815 4240 ergo
830 4159 903 4221 illos
919 4157 1090 4222 absolverit
1111 4157 1315 4230 Exoniensis5

365 4283 464 4345 quum
487 4261 646 4342 liquidum
671 4260 712 4321 sit
736 4281 792 4322 eos
816 4260 1057 4341 impoenitentes
1081 4279 1164 4336 esse,
1179 4257 1316 4322 offendet

365 4365 468 4444 primo
484 4364 517 4424 in
535 4363 652 4440 Deum,
669 4361 785 4424 deiude
802 4361 1081 4443 archiepiscopum
1103 4361 1315 4439 gravitaret-
