3384 5525
386 789 494 871 lm]
770 812 949 856 errsrona.
1278 796 1336 871 9βί

381 960 489 1025 Eratis
512 960 544 1023 in
567 959 683 1045 Anglia
705 983 777 1024 cum
801 975 918 1047 patruo
934 973 1039 1025 vestro
1062 962 1190 1025 domino
1210 960 1337 1024 Winto·

379 1061 490 1137 triensi,
500 1060 629 1147 quando
643 1062 727 1126 idem
740 1084 824 1125 nunc
838 1062 989 1147 Caiphae,
1000 1072 1075 1127 tunc
1087 1060 1337 1126 archi-diabolus

379 1162 563 1226 Walterum
578 1162 680 1238 illum,
691 1164 784 1249 cujus
796 1163 1002 1229 adolescentis
1017 1163 1189 1229 admodum
1203 1176 1336 1227 venusta
1421 1176 1425 1180 ’

376 1265 457 1328 facie
481 1264 633 1329 inductus
659 1265 779 1327 nelario
805 1266 978 1330 concubitu
1005 1265 1098 1330 nimis
1127 1276 1333 1329 consueverat

376 1366 538 1447 delectari,
563 1366 725 1452 hispidum
750 1379 782 1431 et
804 1368 978 1451 procaciori
1002 1367 1110 1452 lingua
1135 1382 1332 1433 evomentem

375 1469 505 1554 probra,
520 1492 595 1553 quae
610 1469 641 1531 in
657 1469 880 1532 contumeliam
895 1484 1016 1534 naturae
1033 1493 1200 1556 perpessus
1215 1470 1333 1548 fuerat,

374 1570 474 1634 oculis
490 1572 596 1661 orbari
612 1572 698 1635 fecit.
746 1573 791 1635 Et
807 1573 1011 1656 postmodum
1029 1577 1129 1637 scelus
1145 1587 1331 1656 arguentem

372 1672 458 1735 idem
479 1671 739 1748 archi-diabolus,
758 1672 926 1757 judicibus
945 1673 1002 1757 qui
1023 1673 1184 1738 saecularia
1204 1674 1332 1757 negotia

373 1774 564 1839 exercebant
587 1776 756 1859 corruptis,
773 1773 881 1857 adegit
906 1774 1084 1858 suspendio.
1132 1776 1184 1837 Sic
1208 1774 1255 1836 vir
1278 1773 1331 1836 ille

373 1898 436 1938 non
459 1875 564 1938 minus
588 1875 744 1957 benignus
766 1897 862 1960 quam
885 1874 1031 1959 pudicus,
1048 1876 1187 1939 columbi
1208 1876 1254 1939 sui
1278 1898 1330 1939 ac·

371 1976 510 2061 captavit
527 1976 686 2040 affectum.
732 1977 784 2039 Sic
801 1975 912 2039 veteris
935 1977 1044 2040 amasii
1069 1977 1123 2040 diu
1148 1977 1329 2041 exhibitum

371 2078 562 2163 obsequium
590 2080 814 2157 remuneravit,
837 2091 873 2142 ut
898 2079 1001 2163 primo
1025 2093 1172 2165 stuprum
1198 2080 1328 2143 inferret

372 2180 498 2259 misero,
520 2180 635 2243 deinde
657 2180 823 2257 miseriori,
839 2181 917 2265 quia
939 2181 979 2244 de
1001 2205 1152 2246 consensu
1178 2196 1242 2247 tam
1264 2204 1328 2245 sor-

371 2282 456 2347 didae
475 2282 688 2346 immunditiae
710 2284 897 2368 poenitebat,
913 2284 1145 2370 capulationem
1167 2298 1198 2349 et
1221 2284 1328 2348 oculo-

371 2408 442 2449 rum
470 2386 664 2450 avulsionem
692 2386 861 2471 infligeret,
886 2400 917 2451 et
948 2387 1074 2450 tandem
1103 2388 1326 2463 miserrimum,

369 2487 448 2573 quia
459 2486 606 2568 clamore,
618 2500 652 2551 ut
666 2501 802 2573 poterat,
816 2510 889 2551 suas
904 2489 1142 2573 protestabatur
1154 2487 1328 2571 angustias,

368 2611 556 2675 suspensum
572 2589 603 2652 in
619 2589 764 2675 patibulo
779 2590 889 2654 lecerit
900 2589 1056 2675 jugulari.

416 2694 499 2755 Haec
514 2714 575 2753 non
595 2692 757 2778 fingimus,
773 2692 825 2755 sed
843 2692 874 2755 in
890 2704 1023 2756 vestram
1041 2694 1224 2757 studuimus
1239 2715 1328 2755 revo-

367 2817 440 2858 care
464 2795 659 2876 memoriam,
685 2794 709 2858 si
737 2808 841 2859 tamen
868 2795 1013 2859 excidere
1039 2808 1225 2881 potuerunt,
1252 2818 1325 2880 quae

367 2896 457 2960 velut
480 2918 588 2979 ungue
609 2896 824 2977 adamantino,
841 2897 950 2962 multis
971 2910 1003 2962 et
1026 2897 1160 2982 magnis,
1176 2910 1207 2960 et
1223 2896 1325 2982 plenis

367 2997 431 3061 fide
448 2997 521 3060 viris
543 2998 660 3083 saepius
683 2998 893 3063 referentibus
915 2998 946 3062 in
970 3012 1097 3084 pectore
1120 3011 1227 3061 nostro
1250 3021 1323 3084 pro·

367 3099 501 3164 fundius
521 3099 715 3164 resederunt.
762 3105 845 3165 Nam
872 3101 1016 3186 usquein
1034 3100 1222 3163 hodiernum
1238 3100 1323 3163 diem

366 3202 398 3264 in
420 3201 631 3287 opprobrium
658 3203 808 3280 ecclesiae,
833 3204 961 3288 Deique
982 3215 1200 3288 contemptum
1223 3201 1323 3267 tristis

365 3303 433 3367 lraec
449 3304 579 3368 historia
594 3306 777 3370 cantitatur.
825 3306 887 3369 Sed
902 3306 1037 3370 fortasse
1059 3319 1179 3392 quaeret
1194 3305 1321 3393 aliquis,

367 3406 526 3493 quomodo
548 3419 673 3472 tantum
696 3408 868 3494 flagitium,
890 3423 923 3474 et
946 3421 1010 3473 tam
1031 3409 1246 3487 manifestum,
1261 3409 1322 3473 im-

365 3530 452 3593 pune
478 3508 659 3594 pertulerit,
686 3523 717 3574 et
744 3513 919 3595 pracsertim
945 3513 1040 3576 beato
1069 3512 1218 3596 Eugenio
1243 3525 1320 3575 tunc

366 3631 526 3673 summum
554 3611 794 3676 administrante
819 3614 1065 3697 pontificatum?
1103 3614 1148 3676 Et
1179 3613 1319 3697 quidem,

364 3725 400 3776 ut
424 3711 644 3777 indubitanter
666 3714 834 3790 credimrm,
858 3716 947 3780 nullo
969 3715 1064 3778 modo
1085 3716 1244 3794 evasisset,
1260 3715 1320 3781 nisi

364 3836 422 3899 per
452 3815 536 3878 beati
566 3816 702 3880 Thomae
727 3815 930 3895 industriam,
955 3818 1012 3903 qui
1042 3839 1099 3902 per
1124 3818 1319 3883 venerabiles

363 3915 449 3979 viros
474 3916 635 3980 Hilarium
660 3918 888 3983 Cicestrensem
916 3930 947 3982 et
975 3922 1131 3984 Joannem
1153 3920 1320 4004 Wigorni-

362 4040 470 4082 ensem
496 4018 660 4105 episcopos
686 4020 802 4100 effecit,
828 4033 864 4086 ut
892 4022 960 4108 ejus
988 4045 1007 4085 a
1036 4023 1128 4085 bonae
1159 4023 1317 4086 memoriae

365 4119 555 4184 Theobaldo
572 4123 794 4187 Cantuariensi
817 4122 1053 4209 archiepiscopo
1075 4124 1226 4209 purgatio
1242 4122 1318 4185 reci·

363 4233 504 4306 peretur.
550 4222 675 4285 Deinde
691 4223 827 4287 sentiens
842 4224 1003 4287 ecclesiam
1021 4225 1197 4287 Romanam
1213 4222 1317 4305 indig-

363 4336 469 4387 natam
486 4347 552 4388 esse
568 4347 664 4410 super
685 4315 881 4390 exhibitione
904 4326 1103 4411 purgationis
1117 4327 1211 4389 factae
1226 4322 1322 4401 clam,'·

361 4437 475 4511 utpote
491 4426 522 4489 in
538 4427 680 4512 capitulo
702 4429 940 4506 monachorum,
965 4449 1026 4491 non
1047 4427 1079 4491 in
1101 4425 1230 4490 solemni
1246 4447 1318 4489 con-
