3384 5525
284 725 399 805 1166.]·
665 738 844 785 nmsronn.
1214 727 1234 784 9

283 918 355 980 quae
381 895 455 958 fidei
479 903 536 972 est,
560 893 698 958 creditur
724 914 795 957 esse
819 890 1027 976 prestantior,
1050 902 1082 954 et
1105 895 1232 975 procul-

283 997 381 1060 dubio
398 997 516 1081 justior
536 1005 594 1072 est,
610 996 690 1057 adeo
711 994 843 1078 quidem
860 1004 895 1056 ut
916 1002 949 1056 et
970 992 1145 1076 prophanae
1160 997 1233 1058 reli-

282 1099 386 1180 gionis
400 1099 546 1162 homines
560 1098 623 1160 hoc
644 1097 938 1160 constantissimum
953 1095 1101 1159 habeant.
1147 1098 1233 1160 Nam
1255 1139 1258 1147 ·

282 1210 314 1265 et
327 1198 451 1275 Achab,
466 1220 562 1282 quem
585 1199 754 1281 reprobum
775 1197 872 1259 suisse
895 1206 1031 1272 constat,
1046 1197 1112 1277 regi
1132 1197 1232 1279 Syriae

280 1323 353 1364 eum
376 1301 535 1384 subjicere
550 1300 671 1362 volenti
693 1299 845 1376 servituti,
867 1308 1032 1379 argentum
1056 1310 1088 1360 et
1110 1320 1234 1377 aurum,

282 1424 390 1467 servos
405 1412 439 1465 et
454 1402 597 1478 ancillas,
614 1410 645 1462 et
660 1399 875 1463 omnimodam
895 1401 1136 1483 supellectilem,
1151 1423 1232 1465 uxo-

283 1525 361 1581 rem,
376 1504 461 1565 filios
477 1509 509 1564 et
525 1500 620 1578 filias,
635 1510 668 1561 et
687 1499 815 1563 tandem
831 1521 866 1561 se
886 1499 992 1581 ipsum
1011 1500 1234 1565 incunctanter

285 1602 445 1688 exposuit,
462 1614 493 1667 et
507 1623 566 1685 pro
581 1603 652 1683 lege
668 1600 775 1664 divina
797 1600 956 1664 duntaxat
971 1622 1037 1663 non
1052 1613 1102 1664 est
1116 1604 1234 1666 veritus

284 1706 365 1773 inire
388 1713 558 1768 certamen.
604 1704 711 1775 Quum
736 1702 822 1765 enim
843 1701 898 1764 ille
914 1702 1012 1764 vellet
1031 1703 1163 1765 scrutari
1178 1703 1236 1767 do·

284 1829 371 1869 mum
387 1819 422 1870 ut
436 1806 588 1890 diriperet
609 1807 724 1886 legem,
739 1804 935 1867 contradixit
956 1804 987 1866 ei
1009 1804 1121 1867 Achab
1137 1804 1236 1868 ricto·

282 1909 424 1991 riamque
447 1906 629 1990 promeruit.
676 1905 761 1978 Quia
779 1906 839 1968 etsi
859 1906 938 1968 alies
959 1906 1112 1987 reprobus
1130 1908 1179 1968 vel
1201 1906 1234 1969 in

281 2003 343 2073 hac
366 2016 456 2089 parte
479 2006 656 2068 Dominum
679 2005 857 2082 honoravit,
875 2025 934 2088 pro
957 2026 1021 2089 qua
1040 2026 1116 2088 ergo
1139 2028 1237 2071 causa

284 2106 431 2187 religiose
449 2105 662 2182 contenditur,
678 2105 705 2168 si
720 2127 786 2168 non
801 2127 861 2189 pro
883 2108 953 2187 lege
977 2105 1040 2168 Dei
1055 2104 1233 2170 servanda?

283 2228 400 2292 nempe
420 2208 492 2270 haec
512 2207 714 2290 iniquitatem
736 2207 897 2291 prohibet,
913 2224 945 2269 et
965 2208 1146 2291 pastoribus
1169 2210 1236 2271 Ec·.

284 2309 624 2394 clesiaepraescribit,ut
633 2330 761 2372 omnem
772 2310 967 2373 ulciscantur
975 2310 1235 2374 inobedientiam.

284 2410 349 2473 Sed
363 2411 496 2474 fortasse
511 2410 794 2492 Archisynagogus
807 2410 1009 2494 iniquitatem
1024 2412 1123 2489 novit,
1138 2433 1236 2496 quam

284 2513 375 2575 Deus
399 2534 466 2575 non
492 2512 658 2595 prohibet:
694 2520 749 2573 aut
778 2532 874 2594 quam
903 2512 985 2574 nolit
1013 2514 1053 2575 ab
1078 2513 1236 2577 Ecclesiae

282 2614 465 2698 pastoribus
486 2613 657 2697 increpari,
680 2627 712 2675 et
734 2612 760 2674 si
784 2612 853 2676 fieri
874 2603 980 2697 potest
1001 2614 1145 2677 mandari
1167 2616 1236 2677 vin·

284 2715 392 2779 dictae.
438 2715 534 2777 Hanc
551 2736 627 2778 sane
650 2716 782 2797 Moyses
804 2722 836 2778 et
859 2715 982 2779 Doctor
1004 2718 1146 2798 gentium
1169 2737 1238 2780 non

283 2814 459 2881 noverunt:
482 2817 539 2878 sed
554 2817 725 2900 praetendit
739 2817 817 2899 quia
835 2819 979 2881 Joannes
1000 2821 1152 2899 arguebat
1168 2819 1238 2881 He-

283 2919 392 2983 rodem
414 2919 449 2981 in
472 2918 585 3002 spiritu
605 2916 755 2989 lenitatis,
770 2919 916 2981 illicitum
937 2940 1006 2981 esse
1028 2919 1239 2997 denuncians,

283 3034 320 3085 ut
342 3021 446 3085 fratris
471 3021 607 3083 viventis
632 3021 816 3084 abuteretur
846 3041 955 3082 uxore.
1006 3020 1100 3094 Quod
1128 3022 1239 3106 utique

284 3123 397 3186 dicens
425 3144 491 3185 non
520 3132 583 3185 tam
610 3120 778 3204 imperitiae
806 3141 901 3204 quam
927 3121 1063 3202 ignaviae
1089 3123 1237 3187 solatium

285 3226 405 3307 quaerit,
422 3245 520 3308 quum
539 3233 660 3285 certum
684 3223 725 3284 sit
746 3222 928 3286 Joharmem
950 3224 995 3287 ibi
1013 3246 1079 3288 non
1102 3227 1238 3306 gessisse

285 3346 456 3410 personam
476 3322 649 3406 pontificis,
666 3325 718 3387 cui
741 3324 942 3389 incumberet
963 3329 1116 3391 correctio
1139 3328 1236 3393 delie-

285 3441 401 3505 torum,
416 3426 474 3490 sed
489 3428 646 3509 praeconis
660 3426 760 3504 verbi,
771 3447 872 3509 penes
887 3450 981 3512 quem
998 3438 1066 3492 erat
1081 3430 1240 3496 duntaxat

287 3529 495 3611 gerendorum
511 3528 728 3606 denunciatio,
741 3539 773 3590 et
787 3530 960 3612 increpatio
972 3532 1130 3595 vitiorum.
1161 3534 1240 3596 Heli

288 3630 417 3715 quidem
441 3630 594 3711 corripuit
621 3628 719 3706 filice,
740 3629 798 3691 sed
823 3632 941 3694 affectu
963 3634 1070 3716 potius
1094 3650 1126 3696 et
1150 3656 1240 3697 man·

287 3731 457 3796 suetudine
473 3733 571 3814 patris
588 3754 684 3816 quam
700 3733 868 3796 severitate
884 3749 916 3797 et
931 3737 1118 3800 auctoritate
1134 3737 1239 3821 ponti·

288 3833 369 3897 ficis.
415 3833 476 3895 Pro
499 3834 586 3896 omni
609 3854 685 3914 ergo
708 3833 825 3896 dirinae
848 3834 929 3916 legis
951 3837 1085 3901 articulo
1108 3850 1240 3902 conten·

289 3934 430 3998 dendnm
450 3947 498 3996 est
513 3945 545 3997 et
558 3934 771 4018 potestatibus
786 3935 1024 4000 ascendendum
1041 3960 1082 4001 ex
1098 3939 1242 4014 adverso,

288 4052 320 4103 et
334 4038 489 4123 quicquid
504 4039 668 4102 ceritatem
689 4039 867 4121 impugnat,
883 4061 955 4123 quae
977 4041 1057 4121 legis
1073 4025 1129 4104 est
1139 4041 1240 4126 pleni-

287 4141 378 4218 tudo,
404 4141 477 4203 totis
500 4141 621 4203 viribus
646 4141 904 4204 subvertendum.
952 4141 1015 4204 Sed
1040 4144 1185 4225 profecto
1206 4143 1240 4203 in

289 4243 421 4322 figuram
438 4241 606 4304 sacerdotii
630 4240 718 4302 Deus
738 4242 856 4303 tribum
879 4242 1052 4303 Leviticam
1069 4240 1242 4323 apublicis

289 4342 521 4415 functionibus,
532 4341 615 4403 sicut
630 4341 662 4402 in
681 4342 711 4401 N
715 4341 830 4402 umeris
844 4341 968 4420 legitur,
978 4341 1155 4439 immunem
1172 4358 1241 4398 esse
