3384 5525
477 775 540 832 228
734 786 871 830 Joauurs
888 782 1168 828 snuasnumuusls
1340 765 1386 843 [u.
1403 784 1433 828 n.

480 937 557 1022 quin
574 939 680 1022 potius
699 935 786 1020 quod
807 936 849 999 ad
870 934 1032 998 honestam
1056 954 1164 1019 pacem
1181 943 1214 995 et
1229 930 1341 995 utilem
1359 932 1432 995 totis

479 1040 601 1103 viribus
630 1040 831 1103 laborabunt.
889 1039 961 1101 Hoc
989 1036 1099 1124 scripsi
1126 1058 1166 1098 ne
1197 1035 1306 1098 nuncii
1337 1034 1431 1097 vestri

478 1141 588 1204 videar
611 1142 836 1225 contempsisse
867 1163 1052 1216 sermonem,
1083 1141 1140 1225 qui
1170 1136 1211 1200 ad
1241 1136 1430 1223 obsequium

480 1253 629 1320 vestrum,
642 1241 695 1306 ubi
712 1240 848 1305 facultas
860 1239 1000 1318 affuerit,
1011 1262 1081 1302 sum
1093 1249 1224 1324 paratus
1235 1236 1267 1299 in
1284 1236 1430 1301 Domino.

479 1341 600 1406 Valete.

498 1656 720 1719 EPISTOLA
744 1656 995 1721 ccxcv-n>
1009 1672 1207 1718 unorsrnnu
1223 1672 1412 1717 oruannuu.

846 1758 890 1836 [n.
902 1777 933 1819 n.
954 1757 1061 1835 1170.]

737 1918 825 1980 Idem
842 1920 1006 1999 Magistro
1025 1918 1175 1979 Girardo.

519 2057 684 2118 Momsss
712 2053 784 2118 tulit
800 2054 948 2119 dominus
968 2076 1056 2117 meus
1071 2053 1327 2140 archiepiscopus
1342 2053 1428 2139 quod

475 2176 531 2216 vos
554 2155 609 2241 qui
626 2155 745 2219 clavem
768 2156 893 2220 habetis
914 2155 1064 2233 scientiae,
1083 2168 1115 2219 et
1138 2155 1170 2218 in
1195 2154 1264 2239 lege
1292 2156 1432 2228 Domini,

475 2277 570 2340 quam
594 2257 721 2342 publice
750 2257 882 2331 docetis,
901 2256 1023 2343 jugiter
1046 2254 1256 2341 occupamini,
1278 2256 1359 2319 adeo
1381 2268 1427 2335 ut,

475 2357 646 2423 mundanis
667 2358 841 2446 disciplinis
863 2358 992 2445 penitus
1016 2356 1148 2443 rejectis,
1166 2356 1264 2422 solius
1285 2356 1429 2421 veritatis

475 2473 506 2521 et
517 2460 654 2541 justitiae
670 2485 756 2525 sacra
779 2460 1000 2546 profiteamini,
1018 2458 1170 2524 Cantuar.
1192 2459 1427 2535 archidiacono,

474 2582 569 2644 quem
586 2561 767 2627 solemniter
777 2562 1086 2627 excommunicatum
1099 2584 1166 2624 esse
1179 2583 1240 2624 non
1256 2560 1429 2646 ambigitis,

473 2666 705 2727 communicare
728 2664 975 2750 praesumpsistis
1004 2663 1152 2747 exemplo
1182 2662 1370 2747 pernicioso,
1396 2676 1428 2727 et

472 2760 559 2847 quod
577 2763 658 2827 sicut
670 2776 806 2828 vestram
822 2763 1045 2827 conscientiam
1058 2761 1157 2841 laedit,
1167 2761 1211 2826 sic
1226 2785 1288 2826 non
1306 2761 1427 2827 ruodice

473 2862 619 2950 denigrat
634 2877 666 2930 et
681 2866 807 2929 famam.
855 2867 938 2929 Nam
957 2864 1061 2928 necin
1078 2863 1182 2927 minus
1199 2865 1304 2949 perito
1319 2877 1427 2929 tantus

472 2965 573 3031 facilis
588 2980 668 3032 esset
684 2990 840 3046 excessus,
859 2990 897 3030 ue
916 2966 994 3030 dum
1016 2966 1048 3029 in
1065 2964 1131 3043 illo,
1146 2965 1240 3049 cujus
1255 2987 1317 3028 non
1334 2965 1429 3029 modo

473 3067 629 3146 doctrina,
651 3070 756 3134 sedet
782 3069 849 3133 vita
869 3068 964 3132 debet
989 3066 1191 3130 auditoribus
1210 3089 1277 3129 esse
1300 3066 1428 3131 virtutis

472 3171 645 3256 exemplar.
693 3171 766 3250 Sed,
786 3171 864 3257 quia
884 3168 1067 3233 credibilius
1087 3180 1133 3231 est
1151 3190 1207 3231 vos
1226 3167 1267 3231 de
1289 3167 1428 3231 humana

471 3269 665 3350 infirmitate,
680 3295 776 3357 quam
798 3272 838 3335 de
860 3270 988 3334 malitiae
1009 3269 1226 3354 perversitate,
1242 3267 1315 3333 licet
1330 3291 1427 3353 grave

471 3369 564 3432 nimis
579 3371 619 3433 sit
635 3372 722 3455 quod
737 3371 922 3446 admisistis,
936 3393 1091 3456 peccasse,
1106 3369 1146 3433 de
1163 3369 1312 3433 mandato
1327 3369 1427 3455 ipsius

472 3468 586 3533 litteris
607 3471 718 3534 vestris
745 3471 921 3554 respondeo
944 3496 1018 3557 quae
1041 3483 1240 3556 sequuntur:
1269 3468 1432 3556 mittoque,

471 3571 659 3657 rescriptum
681 3570 857 3636 litterarum
883 3596 962 3658 quas
984 3573 1024 3636 ad
1048 3572 1284 3636 excusationem
1304 3572 1355 3636 sui
1369 3571 1426 3636 do·

472 3673 557 3735 mino
580 3674 723 3758 Sagiensi
739 3674 923 3750 transmisit,
946 3675 1004 3761 qui
1020 3686 1183 3738 monuerat
1201 3684 1237 3737 ut
1252 3673 1281 3736 ei
1298 3672 1433 3743 Parisiis.

471 3787 650 3837 occurreret
671 3774 704 3837 in
727 3773 894 3839 incertum.
940 3774 1016 3850 Sed,
1041 3789 1077 3839 ut
1104 3772 1204 3852 scitia,
1225 3794 1283 3837 nec
1304 3774 1430 3859 equita-A

471 3888 568 3952 turas,
584 3898 642 3938 nec
663 3899 827 3962 expensas,
844 3898 902 3940 nec
925 3876 1033 3953 socios,
1050 3875 1107 3963 qui
1128 3897 1186 3962 per
1207 3897 1344 3960 regnum
1363 3876 1433 3940 dis.

469 3979 552 4064 persi
570 3988 654 4053 sunt,
671 3981 711 4043 ad
728 3991 791 4041 tam
808 3979 935 4042 crebros
950 3992 981 4042 et
997 3978 1127 4043 inutiles
1141 3977 1306 4042 discursus
1320 3990 1431 4064 potest-

469 4094 533 4144 tam
564 4081 671 4144 subito
700 4102 898 4164 praeparare:
932 4080 1020 4163 quod
1050 4078 1144 4143 etiam
1173 4078 1342 4164 sapientes,
1368 4081 1424 4164 qui

468 4204 540 4245 eum
563 4192 627 4244 tam
650 4179 742 4243 facile
764 4193 909 4258 evocant,
924 4191 1111 4266 oportuerat
1131 4178 1315 4264 praemetiri.
1361 4179 1430 4254 Vos⁸

375 4343 377 4345 ,
468 4300 575 4348 autem
597 4282 779 4368 diligentior
801 4281 963 4359 extitistis,
979 4281 1036 4367 qui
1060 4284 1099 4359 ei,
1115 4302 1180 4344 uno
1202 4280 1362 4345 duntaxat
1377 4279 1424 4353 inf

469 4385 621 4470 terposito
636 4383 697 4459 die,
714 4395 836 4447 certum
851 4383 1069 4468 praestituistis
1085 4381 1182 4458 diem,
1195 4394 1232 4446 ut
1248 4381 1422 4467 diplomate
