3384 5525
736 746 952 825 1171.]
1314 840 1319 845 ,
1529 764 1887 809 EmsToLAE.
2513 755 2634 814 271

730 914 793 977 in
825 914 1021 978 domo
1041 914 1152 979 illa
1181 918 1501 987 floruerat.
1580 915 1817 981 Cultus
1850 915 2193 1001 religionis,
2217 930 2531 1003 quantum
2564 920 2649 983 ad

732 1019 941 1102 ipsum
976 1029 1040 1082 et
1073 1016 1413 1083 familiares
1443 1040 1611 1098 suoS,
1634 1018 1793 1083 abiit
1818 1020 1879 1082 in
1906 1020 2375 1084 exterminium.
2452 1022 2648 1097 Quasi

732 1128 994 1184 stratam
1042 1119 1360 1204 publicam
1407 1118 1892 1185 adolescentulis
1931 1134 1991 1185 et
2035 1121 2454 1187 servientibus
2495 1122 2647 1197 suis,

727 1245 893 1307 quos
936 1244 1078 1299 suc,
1121 1221 1188 1285 id
1235 1235 1355 1301 est,
1402 1222 1661 1287 militari
1709 1223 1900 1287 modo
1944 1236 2371 1308 congesserat,
2410 1223 2647 1289 fecerat

725 1325 1098 1403 claustrum,
1120 1324 1486 1391 dolentibus
1510 1342 1574 1390 et
1605 1325 2095 1391 reclamantibus
2118 1323 2218 1390 his
2246 1325 2365 1411 qui
2394 1324 2647 1410 religio-

728 1429 853 1491 sius
904 1426 1162 1491 fuerant
1214 1426 1519 1491 instituti.
1611 1429 1743 1491 Pro
1800 1425 2253 1491 monachandis
2312 1428 2646 1513 pecuniam

730 1528 939 1613 palam
991 1528 1359 1614 recipiebat,
1405 1551 1519 1593 nec
1568 1529 1847 1614 aliquem
1891 1528 2272 1593 admittebat
2317 1529 2380 1592 in
2431 1551 2647 1592 mona·

729 1625 922 1690 chum
957 1628 1100 1708 nisi,
1133 1628 1354 1691 vestris
1387 1642 1775 1715 patrumque
1806 1628 2072 1693 decretis
2101 1628 2356 1693 omnino
2385 1651 2650 1714 pessun-

740 1728 930 1806 datis,
963 1752 1188 1793 manus
1218 1732 1357 1817 ejus
1388 1734 1565 1817 prius
1595 1731 1890 1795 sordibus
1919 1730 2312 1817 adimpleret.
2387 1731 2490 1796 Ab
2522 1754 2649 1795 uno

735 1830 960 1894 talium
1006 1833 1119 1896 lxx
1162 1855 1403 1896 marcas
1449 1832 1714 1918 accepit,
1767 1833 1939 1918 quod
1991 1833 2205 1917 negari
2258 1856 2382 1896 non
2415 1843 2648 1918 potest,

731 1953 893 2015 quas
922 1932 1313 2019 consumpsit
1356 1936 1700 2010 enormiuS,
1732 1955 1927 2020 quam
1959 1955 2127 1996 nunc
2169 1932 2296 1996 dici
2327 1932 2646 2019 expediat.
2751 1992 2754 1995 ,

730 2032 893 2108 Quae
923 2032 1002 2096 ad
1035 2032 1339 2097 fabricam
1372 2033 1648 2097 ecclesiae
1678 2047 1741 2097 et
1781 2045 2120 2097 sartatecta
2149 2033 2214 2096 in
2247 2033 2474 2098 diebus
2505 2034 2646 2119 ejus

731 2155 770 2196 a
798 2133 1096 2197 fidelibus
1136 2135 1365 2199 collata
1411 2149 1581 2210 sunt,
1629 2135 1974 2198 maximam
2026 2134 2285 2220 quidem
2333 2158 2645 2200 summam

729 2234 995 2314 faciunt,
1027 2236 1134 2299 sed
1165 2260 1302 2300 eam
1334 2237 1609 2301 ecclesiae
1642 2238 2014 2301 necessitate
2055 2250 2439 2323 contempta,
2473 2237 2649 2323 peni·

734 2347 841 2400 tus
884 2338 1170 2422 erogavit
1214 2339 1278 2403 in
1328 2362 1557 2425 pravos
1604 2362 1779 2417 usuS,
1822 2339 2117 2402 honestas
2160 2340 2650 2405 consuetudines

733 2438 958 2505 domus
991 2441 1403 2526 probabiliter
1432 2465 1469 2505 a
1500 2442 1793 2528 patribus
1816 2442 2139 2506 institutas
2169 2456 2234 2506 et
2264 2443 2650 2524 observataS,

730 2564 810 2606 ex
841 2544 1121 2607 maxima
1144 2556 1327 2630 parte
1350 2567 1465 2630 per
1495 2566 1642 2608 eum
1665 2543 1936 2608 abolitas
1960 2566 2092 2606 esse
2117 2544 2446 2627 conquesti
2478 2556 2651 2623 sunt,

733 2663 847 2706 nec
885 2641 1010 2707 fuit
1057 2644 1167 2729 qui
1215 2655 1425 2728 posset
1470 2642 1758 2706 inficiari.
1846 2646 2128 2726 Magnus
2169 2656 2234 2707 et
2272 2644 2648 2709 venerabilis

733 2758 1083 2811 conventus
1142 2747 1592 2810 monachorum
1664 2746 2008 2810 enormiter
2079 2746 2456 2812 imminutus
2526 2760 2643 2814 est.

736 2846 979 2912 Vestrae
1022 2850 1375 2913 sanctitatis
1419 2871 1603 2913 aures
1634 2871 1925 2913 veremur
1969 2848 2312 2926 offendere,
2342 2849 2393 2911 si
2439 2849 2520 2912 de
2549 2849 2646 2913 in-

743 2950 1130 3014 continentia
1153 2951 1294 3035 ejus
1321 2950 1744 3024 retulerimuS,
1770 2949 1945 3036 quod
1976 2957 2077 3032 (ut
2095 2950 2221 3014 dici
2245 2950 2434 3033 solet)
2459 2950 2652 3038 lippis

737 3062 799 3112 et
834 3050 1193 3113 tonsoribus
1223 3062 1444 3113 notum
1477 3063 1612 3114 est:
1678 3049 1790 3114 sed
1833 3063 2428 3138 quantumcumque
2473 3075 2651 3117 vere·

735 3151 967 3214 cundia
1015 3150 1277 3235 pudoris
1321 3151 1611 3232 obsistat,
1660 3152 1843 3216 silere
1890 3165 2096 3216 tamen
2140 3176 2264 3216 non
2310 3177 2650 3240 possumus

742 3274 892 3339 quae
925 3253 1114 3327 tacita
1144 3254 1485 3339 perniciem
1519 3255 1704 3320 bonis
1732 3257 2018 3321 moribus
2039 3259 2350 3341 ingerent,
2381 3269 2445 3322 et
2477 3280 2651 3322 scan-

736 3353 951 3418 dalum
1010 3356 1316 3440 religioni,
1363 3370 1428 3422 et
1476 3358 1844 3442 apostolicae
1898 3357 2031 3421 sedi
2081 3357 2523 3444 opprobrium,
2566 3360 2650 3425 ad

739 3480 929 3542 quam
963 3458 1192 3523 domus
1221 3461 1345 3523 ista
1376 3459 1735 3544 specialiter
1763 3460 2004 3525 dicitur
2034 3460 2370 3546 pertinere.
2432 3461 2652 3527 Pollu..

740 3572 930 3623 entur
969 3559 1233 3624 sortasse
1280 3560 1447 3625 labia
1477 3574 1698 3626 nostra
1742 3561 2144 3648 proferendo,
2174 3559 2330 3647 quia
2369 3561 2431 3626 in
2463 3561 2652 3628 nimis

738 3660 986 3746 polluta
1015 3675 1349 3726 versantur
1380 3663 1680 3727 materia:
1746 3664 1855 3728 sed
1901 3687 1975 3727 ea
2007 3667 2148 3728 Deo
2178 3663 2456 3750 propitio
2493 3687 2652 3750 pur·-

739 3764 919 3847 gabit
963 3763 1247 3829 calculus
1286 3788 1479 3851 quem
1512 3766 1694 3829 vobis
1735 3765 1945 3831 mittet
1979 3759 2288 3850 Seraphin
2335 3765 2415 3830 de
2444 3766 2654 3846 altari,

742 3866 1089 3951 praesertim
1139 3889 1337 3952 quum
1388 3889 1511 3930 non
1558 3869 1641 3932 sit
1686 3854 1822 3931 haec
1873 3881 2114 3945 nostra,
2161 3867 2270 3931 sed
2323 3868 2654 3955 popularis

742 3967 1022 4047 assertio,
1046 3968 1148 4032 cui
1181 3991 1305 4033 non
1336 3969 1532 4034 audet
1555 3969 1786 4056 aliquis
1810 3969 2135 4054 refragari,
2165 3970 2281 4034 nisi
2313 3970 2652 4036 mendosus

736 4080 801 4132 et
829 4067 1100 4132 mendax
1132 4067 1306 4155 apud
1331 4083 1643 4135 nostrates
1672 4070 1893 4134 haberi
1923 4092 2049 4134 non
2085 4069 2401 4135 formidet.
2460 4069 2651 4135 Elec-

740 4182 843 4235 tus
866 4170 970 4233 ille
1001 4187 1115 4235 aut
1136 4171 1351 4256 potius
1374 4194 1580 4257 equus
1603 4172 1984 4250 emissarius,
2006 4171 2178 4256 jugi,
2201 4169 2651 4256 quodLeviti-

739 4294 854 4335 cus
895 4272 1177 4349 damnat,
1218 4271 1365 4338 fluit
1403 4275 1658 4353 semine,
1703 4286 1768 4339 et
1812 4273 2015 4338 hinnit
2063 4273 2127 4337 :in
2175 4273 2461 4349 feminas,
2488 4269 2652 4339 adm

743 4373 1083 4459 impudens
1114 4388 1187 4439 ut
1217 4373 1570 4454 libidinem,
1595 4375 1716 4441 nisi
1746 4397 1939 4461 quam
1967 4369 2407 4461 publicaverit,
2426 4393 2514 4438 vu*
2540 4385 2544 4389 '
2629 4385 2658 4394 ’·
