3384 5525
461 789 525 847 950
635 786 638 791 “
725 798 861 842 noturus
877 796 1157 841 sanusnamnnsrs
1323 776 1369 855 [A.
1387 794 1418 836 n.

463 950 551 1036 quod
573 952 663 1013 Deus
684 961 819 1019 avertat,
842 948 901 1012 nisi
924 944 1150 1033 praecaveritis,
1174 960 1278 1008 vestra
1300 942 1419 1007 duritia

461 1062 660 1138 promerente
670 1048 914 1134 perpetuabitur
928 1048 960 1111 in
977 1045 1213 1131 sempiternum.
1245 1049 1419 1111 Monuerat

461 1154 532 1230 hoc,
553 1153 652 1216 immo
676 1162 871 1236 praeceperat
897 1147 1045 1212 dominus
1071 1169 1165 1233 papa,
1188 1147 1244 1211 sed
1271 1170 1329 1211 nec
1350 1147 1417 1233 ipse

461 1277 521 1340 pro
543 1276 601 1317 sua
621 1251 798 1316 reverentia
819 1249 992 1314 exauditus
1014 1262 1071 1313 est.
1117 1248 1284 1335 Numquid
1308 1261 1340 1313 et
1364 1270 1419 1311 vos

463 1354 640 1420 infidelium
670 1374 759 1415 more
796 1351 915 1416 dicturi
944 1350 1020 1416 estis
1050 1350 1180 1415 Christo
1214 1349 1330 1413 iterum
1360 1372 1419 1435 pro

464 1454 596 1521 ecclesia
621 1453 773 1539 patiente,
800 1453 868 1516 Nos
895 1473 956 1516 non
979 1452 1133 1516 habemus
1160 1450 1340 1536 pontificem
1363 1461 1418 1513 aut

463 1579 579 1643 papam
601 1555 662 1619 nisi
686 1556 868 1619 Caesarem?
902 1553 1059 1639 Nunquid
1082 1553 1162 1616 adeo
1184 1552 1301 1617 timetis
1316 1552 1418 1627 illum,

465 1660 521 1745 qui
537 1670 667 1743 accepta
686 1656 842 1720 divinitus
857 1667 1015 1741 potestate
1026 1677 1160 1740 corpora
1176 1675 1290 1717 vexare
1305 1663 1420 1740 potest,

464 1782 526 1824 non
542 1758 686 1844 perdere,
702 1769 737 1820 ut
760 1756 851 1821 illum
867 1756 1079 1820 contemnatis
1103 1756 1160 1841 qui
1176 1768 1280 1821 totum
1302 1777 1419 1839 corpus

464 1871 572 1945 potest
594 1870 627 1921 et
653 1860 790 1922 animam
816 1856 950 1941 perdere
975 1857 1006 1919 in
1034 1856 1236 1941 gehennam?
1277 1857 1310 1921 Is
1337 1868 1420 1920 certe

464 1960 629 2045 pracepit,
659 1972 697 2021 ut
726 1956 867 2042 praelatis
896 1957 1092 2033 obediretur,
1119 1972 1157 2021 ut
1186 1957 1244 2021 filii
1274 1968 1420 2042 parentes

464 2059 631 2137 honorent,
653 2080 829 2142 eorumque
858 2059 1059 2124 necessitates
1086 2060 1244 2143 excipiant
1271 2058 1420 2144 promtis·

465 2161 544 2225 sima
558 2163 701 2224 caritate.
733 2161 836 2236 Quam
850 2160 993 2245 profecto
1008 2183 1070 2224 non
1083 2161 1199 2224 habere
1210 2160 1420 2237 convincitur,

465 2265 522 2348 qui
537 2263 668 2326 fratrem
684 2262 716 2324 in
733 2261 940 2327 tribulatione
963 2263 1103 2348 positum
1119 2285 1178 2349 pro
1193 2262 1346 2326 facultate
1362 2261 1420 2326 sibi

465 2364 541 2429 data
555 2386 617 2427 non
633 2362 821 2428 consolatur.
869 2364 1032 2429 Affectum
1049 2388 1188 2451 namque
1209 2365 1323 2429 mentis
1347 2364 1422 2429 vali-

464 2465 592 2530 dissime
621 2464 781 2530 convincit
810 2466 967 2531 exhibitio
995 2468 1108 2553 operis.
1154 2467 1267 2533 Valeat
1297 2490 1421 2553 semper

466 2568 615 2633 sanctitas
637 2581 753 2644 vestra,
776 2581 808 2632 et
831 2569 864 2631 in
888 2568 937 2632 his
955 2592 1031 2655 quae
1059 2571 1178 2650 monui,
1201 2571 1332 2636 verbum
1358 2570 1419 2634 Dei

466 2670 574 2756 potius
589 2668 731 2733 consulat
747 2692 844 2754 quam
861 2671 989 2735 vicinos.

466 3028 687 3095 EPlSTOLA
711 3029 955 3095 eccur-sn
970 3047 1179 3093 wrsnnnuuu
1203 3048 1420 3094 sunrnronnu

668 3149 963 3196 crnruanrnusnu.
999 3131 1043 3211 [s.
1058 3151 1089 3194 n.
1109 3131 1216 3213 litu]

554 3315 615 3378 Suo
630 3316 755 3378 Britoni
768 3339 839 3378 suus
853 3316 885 3379 J.
901 3316 1030 3379 Salutem
1045 3319 1169 3401 atpium
1185 3321 1336 3402 inflatura

842 3429 1037 3500 prospectum.

510 3550 565 3611 Ex
576 3543 625 3610 his
636 3567 710 3631 quae
724 3545 922 3611 universitati
934 3560 1047 3614 vestrae
1057 3546 1172 3637 scripta
1183 3564 1257 3615 sunt
1273 3551 1421 3637 colligere

467 3646 990 3735 poteris,quidteoporteatsacere.
1010 3651 1422 3740 Necestqnodnugatorias,

467 3759 503 3814 ut
517 3749 680 3826 hactenus,
696 3750 877 3837 praetendas
897 3754 1125 3832 excusationes,
1141 3756 1217 3842 quia
1231 3767 1358 3843 ternpus
1374 3768 1422 3821 est

467 3862 504 3916 ut
518 3851 651 3916 ecclesia
666 3867 769 3918 vestra
784 3854 924 3940 patiatur
943 3868 1000 3920 aut
1018 3858 1238 3943 compatiatur.
1285 3859 1320 3924 Si
1335 3860 1421 3923 enim

466 3951 748 4017 communicaverit
770 3953 1011 4021 necessitatibus
1037 3959 1145 4045 patris,
1170 3959 1203 4023 in
1234 3960 1421 4025 consolatio-

466 4055 571 4131 nibus,
595 4076 675 4140 quas
694 4055 915 4121 indubitanter
937 4059 1010 4124 Deo
1032 4060 1169 4147 propitio
1190 4084 1364 4148 speramus,
1388 4064 1420 4126 in

465 4158 554 4224 brevi
569 4158 757 4223 reflorescet.
803 4159 847 4223 Et
862 4162 992 4247 quidem
1008 4186 1027 4228 a
1041 4178 1170 4230 centum
1187 4167 1278 4232 annis
1292 4179 1420 4254 tempus

465 4262 605 4329 extitisse
620 4283 683 4325 uon
703 4261 849 4340 arbitror,
866 4287 930 4351 quo
952 4278 1017 4330 tarn
1039 4267 1131 4332 facile
1152 4282 1258 4354 posset
1272 4269 1313 4334 ad
1330 4292 1419 4356 repa-

466 4365 565 4430 randa
583 4365 690 4430 omnia
712 4365 844 4453 antiqua
867 4368 1031 4453 privilegia
1054 4371 1225 4456 respirare3
1248 4373 1274 4438 si
1289 4374 1371 4459 patri
1387 4374 1420 4436 in
