3384 5525
285 775 393 859 ll⁷l.]
530 824 533 829 -
670 795 849 842 nprsronm.
1171 782 1234 843 269

281 947 483 1012 studeremus
495 946 596 1010 modis
605 947 754 1011 omnibus
769 948 808 1011 ad
826 948 975 1010 honorem
995 950 1054 1011 Dei
1066 948 1099 1011 in
1115 960 1233 1012 statum

279 1048 450 1135 pristinum
480 1049 662 1113 reformare.
722 1048 923 1135 Praecepistis
951 1049 1048 1113 etiam
1078 1050 1137 1112 sub
1166 1060 1236 1112 arta

279 1149 488 1229 districtione,
523 1149 677 1233 quatinus
714 1150 740 1213 si
777 1150 870 1215 nobis
903 1164 1062 1214 constaret
1097 1148 1234 1213 ecclesiae

279 1263 399 1316 statum
422 1251 586 1315 reformari
609 1273 671 1315 non
698 1274 789 1338 posse
811 1251 935 1336 absque
960 1251 1119 1315 amotione
1141 1250 1232 1314 electi

277 1363 309 1414 et
325 1350 535 1435 quorumdam
552 1351 797 1426 Monachorum‚
814 1363 880 1414 tam
894 1350 1031 1414 electum
1048 1374 1146 1435 quam
1160 1350 1231 1415 illos

277 1452 467 1518 auctoritate
498 1466 602 1516 vestra
634 1453 721 1515 omni
755 1451 917 1516 occasione
952 1465 984 1516 et
1021 1452 1232 1537 appellatione

279 1568 429 1633 cessante,
445 1555 622 1640 postposito
637 1554 750 1619 timore
764 1568 797 1619 et
818 1555 923 1639 gratia
942 1554 1124 1618 nullatenus
1146 1576 1233 1617 amo·

280 1680 351 1719 vere
366 1655 577 1729 differremus,
592 1670 624 1719 et
640 1656 708 1719 loco
724 1656 850 1719 illorum
867 1678 1015 1742 personas
1038 1654 1186 1720 honestas
1202 1667 1234 1718 et

280 1756 373 1822 utiles
387 1758 459 1820 Deo
474 1771 601 1821 auctore
616 1758 826 1822 substituere:
852 1770 888 1820 ut
900 1778 941 1820 ex
953 1756 1059 1821 fructu
1071 1756 1233 1820 reformati

279 1858 311 1922 in
339 1858 449 1923 melius
476 1859 656 1923 monasterii
682 1859 811 1923 deberet
839 1858 1018 1923 sollicitudo
1042 1872 1105 1921 tam
1129 1865 1234 1922 vestra

282 1980 379 2044 quam
402 1971 510 2022 nostra
536 1959 623 2043 apud
652 1958 759 2024 Deum
784 1974 816 2023 et
842 1958 985 2023 homines
1011 1958 1234 2023 commendari.

281 2061 510 2146 Praeceptorias
523 2084 654 2147 quoque
666 2076 785 2127 vestras
797 2062 838 2125 ad
855 2061 1060 2147 saepedictum
1072 2060 1233 2125 direxistis

281 2161 429 2239 electum,
454 2176 490 2226 ut
513 2179 621 2228 nostro
643 2165 699 2250 qui
722 2165 841 2229 nullam
865 2166 897 2228 in
921 2187 958 2227 eo
978 2162 1232 2249 jurisdictionem

281 2261 477 2328 habebamus
492 2265 606 2330 nisiex
625 2266 823 2352 delegatione
839 2278 953 2343 vestra,
970 2265 1055 2330 omni
1070 2265 1233 2348 occasione

282 2379 313 2429 et
337 2366 548 2452 appellatione
564 2381 696 2444 remota,
712 2380 836 2454 pareret
854 2366 989 2452 judicio.
1035 2368 1141 2443 Quum
1159 2389 1234 2429 vero
1303 2450 1307 2457 Ι

280 2466 312 2529 in
339 2467 479 2554 capitulo
502 2469 639 2533 fratrum
664 2470 693 2532 ei
718 2482 830 2533 vestrae
852 2468 986 2531 tuissent
1010 2466 1125 2531 litterae
1152 2491 1232 2553 prae-

281 2582 423 2646 sentatae,
440 2571 568 2635 tandem
590 2571 742 2658 praecepit
765 2583 801 2634 ut
823 2592 879 2633 eas.
898 2571 1018 2634 Cantor
1040 2567 1176 2652 aperiret
1199 2582 1232 2633 et

281 2669 417 2755 legeret:
449 2674 503 2736 sed
526 2686 696 2760 antequam
719 2673 810 2760 plene
832 2673 1070 2759 perlegerentur
1091 2670 1175 2736 dixit
1198 2696 1231 2735 se

282 2788 314 2837 et
340 2798 398 2838 sua
422 2776 454 2839 in
483 2790 586 2841 vestra
612 2777 807 2863 protectione
831 2775 1012 2855 consistere,
1037 2787 1069 2837 et
1095 2797 1150 2838 eos
1175 2774 1232 2860 qui

282 2875 394 2941 litteris
409 2880 457 2942 uti
474 2879 676 2943 decreverant
692 2879 732 2943 ad
749 2891 886 2944 vestram
906 2876 1099 2940 audientiam
1123 2876 1231 2961 appel-

282 2977 359 3056 lare,
376 2984 457 3044 sicut
482 2981 571 3044 nobis
592 2979 795 3067 postmodum
818 2993 1012 3044 sacramento
1028 2979 1156 3042 testium
1172 2979 1232 3042 rite

281 3081 426 3165 praestito
441 3096 472 3145 et
488 3081 637 3145 relatione
653 3097 839 3160 conventus,
856 3082 973 3146 scilicet
996 3080 1247 3166 quinquaginta

280 3182 417 3245 duorum
449 3185 672 3248 monachorum
700 3185 849 3249 innotuit.
895 3185 1009 3247 Postea
1031 3204 1105 3245 vero
1131 3182 1172 3246 ad
1199 3205 1232 3247 se

280 3304 435 3359 reversus,
451 3285 483 3348 in
500 3300 584 3351 coetu
603 3288 738 3350 fratrum
761 3287 948 3350 mandatum
963 3297 1103 3350 vestrum
1126 3297 1235 3349 totum⁴

281 3384 371 3470 plene
387 3386 519 3452 audivit.
564 3389 697 3453 Publica
713 3413 787 3453 vero
802 3390 888 3453 fama
903 3391 945 3453 sic
968 3388 1159 3452 consonabat
1181 3388 1233 3453 bis

282 3509 354 3570 quae
381 3486 420 3550 ad
445 3511 500 3551 vos
522 3489 643 3574 perlata
664 3490 802 3565 fuerant,
827 3502 863 3553 ut
886 3487 965 3552 nulli
991 3485 1233 3575 provincialium

282 3587 403 3653 veniret
418 3589 450 3652 in
466 3590 599 3654 dubium
623 3591 699 3678 quin
720 3614 904 3657 excessuum
919 3590 1010 3654 electi
1033 3587 1232 3673 magnitudo,

283 3712 321 3751 ne
343 3689 487 3757 dicamus
506 3706 538 3755 et
560 3695 739 3771 criminum,
754 3695 979 3757 monachorum
1003 3689 1232 3776 querimoniam

283 3790 437 3856 vinceret:
477 3793 656 3881 mirumque
678 3797 744 3858 fere
769 3796 917 3859 omnibus
940 3794 1119 3869 videbatur,
1142 3791 1233 3876 quod

281 3894 321 3956 ad
338 3894 459 3958 ruinam
475 3910 506 3960 et
530 3897 684 3983 lacrymas
706 3899 821 3961 domus
837 3909 950 3961 vestrae
966 3910 1030 3959 tam
1055 3917 1134 3973 sero,
1150 3915 1233 3977 quos

282 3994 340 4057 toti
370 3992 490 4059 mundo
518 3997 641 4062 debetis
669 3998 777 4077 oculos
807 3996 982 4061 reflexistis.
1029 3996 1095 4059 Nos
1121 3994 1231 4079 itaque

282 4098 415 4182 receptis
448 4098 562 4164 litteris
592 4101 703 4165 vestris
738 4124 799 4164 non
835 4098 1034 4187 pepercimus
1067 4095 1233 4160 laboribus

282 4199 395 4262 nostris
416 4212 473 4265 aut
496 4202 689 4287 sumptibus,
706 4201 760 4266 sed
783 4202 823 4265 ad
846 4200 1056 4266 obedientiam
1080 4193 1232 4278 prompti,

283 4304 460 4387 postposito
480 4317 514 4368 ut
531 4305 752 4390 praeceperatis
768 4303 890 4380 timore,
906 4303 957 4365 die
972 4319 1120 4382 congru0,
1135 4316 1234 4378 quem

283 4403 520 4490 praefixeramus
542 4408 698 4495 partibus,
721 4405 908 4470 accessimus
930 4403 970 4467 ad
997 4393 1235 4464 monasterium.
