3384 5525
378 779 442 837 920
645 789 780 833 Joauurs
796 782 1069 832 sanusnmuausrs
1236 764 1283 837 [A.
1302 779 1332 822 o.

378 940 440 1005 illis
466 942 568 1003 forma
593 940 781 1025 praescripta
802 951 848 1002 est
872 938 964 1022 cujus
989 936 1067 997 fines
1092 931 1245 995 excedere
1269 952 1328 992 non

377 1043 554 1118 audebunt,
571 1042 646 1127 quia
668 1042 784 1105 adhoc
803 1042 987 1125 juramento
1009 1035 1122 1100 arctati
1145 1048 1232 1111 suut,
1254 1031 1330 1095 adeo

377 1145 507 1230 quidem
529 1156 565 1208 ut
585 1144 668 1228 jussi
685 1145 760 1219 sint,
776 1142 834 1206 nisi
851 1165 929 1227 pace
944 1140 1125 1213 reformata,
1141 1137 1175 1199 iu
1192 1151 1295 1200 totum
1311 1158 1329 1199 a

377 1248 459 1331 regis
485 1246 671 1309 muneribus
697 1245 867 1320 abstinere,
895 1257 931 1307 ut
957 1265 1014 1305 uec
1044 1254 1193 1325 sumptus
1222 1239 1264 1302 ab
1293 1262 1328 1301 eo

376 1351 515 1433 recipcre
540 1347 778 1433 permittantur.
825 1346 1019 1429 Loquantur
1044 1341 1097 1405 alii
1123 1340 1211 1426 quod
1241 1339 1326 1403 volu-

376 1450 469 1527 erint,
483 1447 561 1512 mihi
577 1470 648 1534 spes
663 1448 788 1511 iuterim
814 1446 900 1531 pacis
916 1446 1016 1530 major
1040 1460 1099 1513 est,
1116 1465 1211 1527 quam
1237 1455 1327 1505 antea

375 1549 482 1615 luerit.
529 1552 611 1613 Nam
628 1550 706 1613 etin
723 1549 841 1613 morbis
859 1571 915 1634 per
939 1560 1109 1629 augmenta
1124 1544 1270 1608 dolorum
1287 1544 1325 1607 ad

375 1674 534 1716 summum
561 1651 748 1715 veniendum
776 1663 834 1725 est,
862 1663 898 1713 ut
922 1647 1132 1712 invalescente
1158 1660 1273 1711 natura
1297 1662 1327 1710 et

374 1752 528 1816 defaecata
543 1756 746 1838 corruptione
765 1752 848 1816 salus
872 1765 903 1817 et
926 1750 1127 1814 incolumitas
1151 1761 1325 1835 reparetur.

375 1856 420 1917 Et
436 1854 508 1917 licet
524 1854 623 1940 aliqui
639 1854 816 1939 glorientur
832 1877 864 1917 se
879 1877 898 1916 a
913 1853 1043 1916 domiuo
1059 1874 1142 1937 papa
1153 1849 1327 1928 absolutos,

374 1968 461 2018 certo
490 1959 608 2019 certius
638 1956 678 2019 sit
713 1955 799 2042 quod
836 1956 993 2017 neminem
1022 1975 1130 2017 eorum
1168 1952 1323 2017 absolvit:

374 2056 494 2142 quippe
506 2057 647 2121 nondum
662 2057 776 2141 ligatos
785 2069 928 2132 noverat,
940 2057 995 2119 sed
1007 2078 1107 2141 quum
1120 2054 1323 2140 postmodum

373 2155 596 2220 itinerantibus
620 2157 821 2232 innotuisset,
845 2156 925 2219 hanc
951 2156 991 2219 de
1017 2178 1083 2241 qua
1108 2177 1193 2218 nunc
1220 2154 1326 2238 agitur

372 2257 468 2321 latam
500 2282 566 2322 esse
596 2259 795 2334 sententiam,
825 2257 976 2321 remissus
1005 2271 1052 2321 est
1083 2256 1123 2320 ad
1159 2256 1325 2320 dominum

373 2382 487 2445 papam
520 2361 716 2447 Radulphus
743 2360 912 2424 archidiac.
941 2360 1160 2423 Laudaveusis
1187 2374 1222 2424 ut
1252 2382 1324 2423 eum

372 2460 553 2526 sollicitaret
575 2466 865 2526 excommunicatos
887 2460 1067 2525 absolvere:
1097 2462 1152 2524 sed
1175 2483 1237 2524 non
1262 2484 1326 2524 cre-

371 2562 460 2626 ditur
485 2565 714 2630 cxaudiendus.
755 2565 848 2641 Nam,
873 2576 908 2627 ut
932 2576 1047 2628 caetera
1069 2576 1202 2643 taceam,
1224 2586 1256 2625 se
1279 2561 1325 2626 illi

371 2664 518 2728 dominus
543 2666 718 2731 Meldcnsis
732 2666 923 2731 auctoritate
939 2667 1039 2752 major
1061 2680 1093 2729 et
1110 2666 1186 2750 jure
1209 2665 1323 2751 potior,

371 2767 493 2830 viribus
508 2767 583 2830 totis
598 2782 747 2853 opponet.
786 2767 949 2831 Audietur
965 2780 1070 2831 autem
1087 2769 1119 2832 in
1136 2769 1237 2848 brevi,
1255 2772 1323 2832 Deo

370 2870 521 2956 propitio,
545 2871 623 2957 quid
652 2894 725 2957 pars
751 2872 906 2936 alterutra
934 2870 983 2934 vel
1010 2885 1148 2955 utraque
1177 2871 1322 2957 proficiat

371 2994 473 3059 neque
489 2973 687 3050 nunciorum,
706 2975 760 3058 qui
772 2974 840 3060 jam
858 2997 961 3059 usque
978 2972 1235 3038 Autissiodorum
1253 2997 1322 3059 per-

370 3090 535 3155 venerunt,
565 3076 620 3140 diu
655 3089 806 3162 poterunt
842 3098 953 3139 arcana
989 3075 1096 3140 latere.
1158 3076 1320 3162 Siquidem

368 3178 572 3258 profectionis
591 3178 706 3254 exitus,
722 3203 759 3242 eo
781 3178 869 3264 quod
888 3177 954 3261 jam
971 3179 1038 3241 fere
1060 3191 1257 3241 accesserunt
1280 3178 1321 3241 ad

368 3273 440 3337 illos
455 3300 591 3361 quorum
608 3281 768 3362 negotium
784 3280 909 3364 geritur
923 3281 956 3343 in
974 3280 1083 3365 januis
1097 3293 1154 3345 est.
1200 3283 1266 3345 Res
1287 3281 1319 3343 in

369 3398 520 3461 suspenso
534 3380 589 3441 diu
607 3403 749 3443 essenon
766 3386 892 3466 poterit.

413 3480 458 3541 Et
480 3480 554 3563 quia
576 3503 634 3565 pro
650 3494 717 3558 tuo,
733 3496 765 3545 et
789 3483 864 3567 quia
879 3498 953 3549 tuns
975 3499 1034 3561 est,
1051 3486 1227 3550 Exouiensi
1249 3509 1320 3549 meo

368 3579 555 3657 sollicitaris,
577 3581 701 3646 interim
725 3585 827 3668 probo
850 3588 937 3671 quod
960 3587 1045 3662 fecit,
1071 3589 1262 3652 subtrahens
1286 3611 1319 3652 se

367 3682 407 3746 ab
442 3685 788 3749 excommunicatorum
827 3689 1081 3774 participatione.
1144 3690 1320 3755 Indubium

366 3785 448 3848 enim
464 3800 512 3849 est
527 3787 604 3872 quin
621 3811 640 3850 a
658 3788 806 3853 fidelibus
829 3791 909 3856 tales
931 3806 1077 3878 oporteat
1099 3792 1223 3870 evitari,
1240 3816 1319 3878 quo-

367 3908 468 3970 usque
493 3888 534 3950 de
560 3888 758 3954 absolutione
781 3892 968 3957 constiterit.
1014 3895 1085 3957 Deo
1108 3893 1192 3957 enim
1219 3918 1317 3980 quam

366 3988 547 4052 hominibus
581 3992 702 4055 obediri
740 3993 848 4073 potius
882 4008 1018 4080 oportet.
1081 3996 1175 4073 Quod
1213 4009 1318 4061 tamen

365 4089 546 4174 soepissime,
574 4093 746 4177 praesertim
773 4095 804 4157 in
833 4096 963 4173 talibus,
989 4097 1056 4161 siue
1086 4098 1229 4183 periculo
1255 4122 1317 4163 non

364 4193 539 4280 contingit:
572 4218 609 4257 eo
631 4196 717 4280 quod
734 4219 792 4280 per
810 4198 927 4263 multas
942 4199 1164 4265 tribulationes
1178 4203 1320 4267 intratur

363 4295 395 4357 in
412 4318 543 4378 reguum
566 4298 635 4363 Dei.
684 4299 764 4362 Haec
788 4312 849 4378 est,
864 4300 979 4365 dilecte
1002 4302 1057 4379 mi,
1073 4304 1125 4366 via
1142 4304 1320 4388 justorum,

363 4396 431 4460 haec
445 4397 595 4483 purgatio
608 4399 770 4477 vitiorum,
786 4402 941 4466 virtutum
955 4401 1188 4480 conflatorium,
1203 4404 1319 4469 electos

1212 4509 1225 4535 Ι
