3384 5525
263 785 366 865 1162]
647 802 827 847 narsrosm.
1173 793 1211 851 91
1298 810 1301 816 ’

259 956 449 1020 tuariensem
475 956 648 1040 judicandi
677 955 734 1019 sed
764 956 989 1041 componendi,
1014 980 1071 1022 rex
1099 961 1139 1023 ab
1166 960 1215 1023 eis

257 1057 346 1140 petiit
368 1068 403 1121 ct
427 1058 580 1136 obtinuit,
603 1068 639 1121 ut
661 1057 744 1119 hanc
767 1057 981 1122 humilitatem
1003 1059 1074 1143 ejus
1095 1061 1216 1125 scribe-

258 1171 325 1224 rent
347 1159 482 1224 domino
504 1181 600 1245 papre
622 1170 656 1223 et
675 1160 888 1223 sinceritatem
912 1182 1017 1225 causae
1040 1162 1110 1246 ejus
1132 1163 1217 1227 sicut

258 1282 326 1325 eam
350 1260 535 1326 didicerant
551 1284 570 1325 a
586 1261 784 1344 sapientibus
799 1271 831 1324 et
853 1260 1014 1343 religiosis
1028 1263 1104 1327 viris
1126 1263 1215 1328 Ebo-

256 1363 380 1426 racensi
410 1363 656 1445 archiepiscopo
686 1374 718 1425 et
746 1362 908 1446 episcopis
938 1364 1158 1429 Londouiensi
1184 1375 1218 1431 et
1280 1355 1288 1365 ’

258 1465 456 1529 cicestrensi
478 1476 511 1527 et
528 1464 735 1546 Wigomensi
758 1465 987 1544 transmarinis,
1002 1476 1035 1529 et
1056 1467 1131 1530 item
1154 1468 1216 1531 cis·

258 1567 391 1630 marinis
427 1564 698 1647 Rothomagensi‚
732 1564 929 1628 Lexoviensi
964 1578 997 1630 et
1030 1568 1215 1632 Baiocensi.

255 1670 333 1733 Post
358 1668 519 1751 processit
541 1668 715 1751 episcopus
738 1666 977 1731 Londouiensis
1002 1678 1034 1731 et
1058 1690 1156 1751 quum
1180 1672 1216 1735 in

256 1771 535 1854 archiepiscopum
573 1791 666 1832 suum
703 1770 819 1832 veneni
848 1771 982 1832 multum
1016 1772 1218 1851 evomuisset,

258 1874 375 1937 obtulit
398 1892 526 1935 causam
558 1891 651 1933 suam
681 1881 713 1933 et
739 1870 874 1933 aliorum
904 1870 1139 1955 episcoporum,
1163 1875 1218 1958 qui

257 1986 370 2039 contra
391 1984 602 2037 memoratum
619 1972 883 2036 cantuariensem
906 1976 1154 2056 appellaverant,
1168 1977 1217 2039 in·

257 2090 344 2141 stans
365 2075 496 2138 nomine
511 2075 602 2155 regni
621 2086 655 2138 et
669 2073 838 2138 sacerdotii
859 2084 896 2137 ut
915 2074 1077 2139 audiretur
1091 2089 1123 2141 et
1144 2078 1217 2141 fini·

258 2191 360 2242 retur:
400 2177 516 2259 legatis
535 2194 613 2239 vero
640 2174 822 2239 dicentibus
844 2175 954 2240 itidem
977 2198 1012 2241 se
1033 2199 1100 2240 non
1121 2201 1218 2264 posse

260 2281 450 2363 compellere
466 2278 730 2342 cantuariensem
747 2294 779 2341 et
792 2275 886 2340 illum
909 2279 995 2341 nolle
1013 2281 1218 2360 contendere,

259 2381 405 2465 prorupit
426 2380 601 2463 episcopus
623 2391 656 2442 et
670 2379 725 2442 alii
748 2380 804 2463 qui
818 2379 962 2458 aderant,
983 2380 1113 2445 nomine
1128 2384 1218 2466 regui

262 2493 293 2545 et
314 2480 502 2558 sacerdotii,
523 2482 556 2544 in
584 2478 843 2565 appellationem,
865 2481 1047 2547 inhibentes
1070 2506 1112 2548 ne
1136 2484 1220 2549 Can·

261 2583 434 2648 tuariensis
445 2594 556 2646 contra
570 2584 754 2646 alterutrum
770 2583 895 2667 aliquid
909 2583 1083 2665 innovaret,
1096 2607 1219 2670 ponen-

260 2694 306 2747 tes
320 2694 494 2767 utrumque
511 2686 570 2747 sub
586 2684 785 2769 protectione
802 2684 924 2747 domini
944 2707 1037 2771 papae
1054 2708 1155 2770 usque
1176 2684 1218 2749 ad

262 2785 347 2849 diem
358 2787 701 2870 appellationis,quam
710 2797 961 2869 prorogaverunt
969 2788 1129 2849 inannum
1140 2790 1219 2852 alte·

261 2911 341 2967 rum,
352 2889 480 2952 scilicet
494 2888 536 2952 ad
551 2885 668 2951 festum
680 2889 783 2952 sancti
797 2888 940 2951 Martini.
983 2887 1220 2952 Londouiensis

261 3001 368 3054 tamen
381 2990 538 3074 speciales
550 3009 663 3053 causas
673 3012 731 3075 pro
744 3012 778 3053 se
789 2990 909 3072 posuit,
920 2989 1113 3072 impugnans
1122 2989 1218 3052 liber-

261 3103 358 3156 tatem
373 3090 595 3167 ecclesiarum,
609 3113 690 3174 quas
702 3089 944 3156 Cantnariensis
959 3089 1221 3174 archiepiscopus

260 3193 359 3256 habet
389 3193 424 3255 in
452 3193 642 3277 episcopatu
670 3194 765 3256 illius.
817 3193 891 3264 Quo
921 3193 1005 3256 facto
1035 3190 1222 3257 direxerunt

261 3294 441 3358 cardinales
467 3294 548 3357 duos
573 3295 710 3358 nuncios
741 3294 781 3358 ad
809 3295 1083 3368 cantuariensem,
1110 3295 1166 3378 qui
1190 3296 1221 3360 ei

263 3394 413 3478 proxima
435 3393 487 3457 die
509 3405 583 3476 post
604 3393 721 3457 festum
737 3406 857 3458 sancta
881 3395 991 3458 Luciae
1014 3415 1222 3479 porrexemnt

262 3496 397 3570 litteras,
414 3496 531 3578 quibus
549 3496 776 3560 continebatur
797 3518 839 3560 es
862 3509 952 3581 parte
976 3497 1073 3560 series
1094 3498 1221 3573 horum,

264 3609 296 3660 et
310 3597 398 3660 idem
414 3597 677 3681 archiepiscopus
692 3598 921 3680 prohibebatur
936 3611 1081 3680 exparte
1097 3600 1221 3664 domini

261 3719 356 3782 papae
372 3711 405 3762 et
415 3700 590 3780 legatorum
606 3699 728 3783 aliquid
743 3700 846 3762 facere
859 3709 970 3762 contra
984 3699 1067 3762 hanc
1079 3703 1223 3784 appella-

262 3798 393 3877 tionem,
420 3810 594 3881 antequam
621 3799 753 3861 adeatur
782 3799 931 3862 dominus
956 3821 1051 3884 papa,
1075 3802 1221 3887 episcopi

263 3920 393 3984 quoque
417 3900 500 3964 duos
521 3901 660 3964 nuncios
683 3901 837 3965 miserunt
859 3903 1037 3965 Walterum
1057 3915 1220 3967 cantorem

262 4001 538 4066 saresberiensem
555 4016 588 4066 et
605 4004 650 4065 M.
665 4003 850 4067 Jocelinum
869 4005 1095 4068 cancellarium
1111 4006 1221 4070 cices-

261 4113 412 4180 trensem,
438 4113 473 4166 ut
498 4104 615 4166 factam
645 4102 878 4168 denunciarent
902 4106 1163 4187 appellationem,
1190 4115 1223 4167 et

261 4226 333 4268 cam
346 4226 455 4268 coram
472 4205 718 4288 archiepiscopo
730 4206 927 4269 innovarent.
966 4207 1030 4270 Sed
1046 4207 1222 4289 archiepis·

262 4327 365 4389 copus
388 4305 615 4390 episcoporum
638 4308 776 4370 nuncios
799 4307 840 4370 ad
864 4308 1060 4390 colloquium
1079 4328 1143 4370 non
1165 4306 1221 4369 ad·

261 4408 368 4472 misit:
401 4428 440 4470 eo
457 4407 545 4489 quod
567 4408 650 4471 inter
670 4409 750 4471 alios
773 4410 911 4473 nuncius
933 4408 1078 4492 episcopi
1094 4406 1223 4470 Londo-
