3384 5525
362 815 423 872 966
609 825 746 872 toruum
761 823 1042 870 sauasaaamusts
1224 806 1271 887 [a.
1289 827 1320 870 u·

367 978 468 1057 Ioniis,
489 1000 563 1064 quae
593 977 699 1041 clausa
728 976 908 1054 tenebatur,
936 977 1102 1040 veritatem
1136 974 1260 1049 eduxit,
1291 995 1324 1043 et

364 1080 511 1169 squalore
535 1079 668 1143 carceris
691 1078 817 1143 deterso
833 1077 963 1142 liberam
990 1080 1022 1143 in
1046 1079 1209 1166 publicum
1235 1080 1322 1143 exire

364 1183 526 1268 prteccpit.
565 1183 646 1258 Quae
662 1180 754 1244 simul
771 1203 807 1244 ac
824 1204 892 1246 suae
908 1181 1036 1249 reddita
1051 1195 1097 1247 est
1113 1182 1266 1257 libertati,
1282 1181 1323 1245 ad

365 1304 416 1345 me
437 1281 588 1346 velociter
610 1281 789 1345 advolavit:
821 1295 854 1346 et
872 1283 904 1345 in
928 1283 1097 1367 praesentia
1118 1282 1319 1347 dominorum

365 1385 405 1446 R.
423 1383 700 1468 Rothomagensis‚
716 1396 748 1448 et
772 1406 883 1448 eorum
900 1407 982 1469 quos
1000 1384 1168 1469 episcopus
1191 1384 1323 1449 Ambia-

363 1485 467 1549 uensis
482 1485 694 1566 delegaverat,
709 1485 828 1570 quibus
847 1486 1011 1569 negotium
1035 1508 1139 1550 meum
1155 1508 1173 1548 a
1189 1485 1318 1548 domino

363 1607 447 1670 papa
454 1584 653 1650 commissum
664 1598 747 1651 erat:
771 1608 827 1648 nec
838 1604 901 1649 non
914 1598 946 1649 et
956 1585 1093 1671 episcopi
1107 1586 1319 1667 Ebroicensis,

365 1688 606 1772 multorumque
629 1684 846 1771 religiosorum
863 1700 927 1752 tam
949 1688 1101 1751 abbatum
1127 1710 1221 1774 quam
1239 1688 1322 1773 prio-

365 1812 434 1855 rum
447 1812 466 1852 a
477 1789 600 1855 dextris
616 1790 690 1853 mihi
708 1789 778 1853 luce
791 1789 942 1875 liquidior
955 1790 1070 1855 adstat.
1095 1791 1197 1877 Cujus
1208 1790 1322 1854 faciem

364 1915 492 1978 gravem
509 1904 541 1957 et
563 1891 740 1976 fulgentem
763 1892 911 1977 praedicti
931 1891 1186 1977 archiepiscopus
1207 1904 1240 1955 et
1263 1891 1323 1953 viri

365 1994 501 2078 religiosi
526 2017 545 2058 a
570 1993 699 2058 domino
726 1995 929 2059 Ambiauensi
956 1994 1119 2069 destinati,
1148 1995 1322 2070 intuentes,

365 2095 466 2180 gavisi
482 2107 555 2158 sunt
579 2097 698 2179 gaudio
720 2119 837 2181 magno
860 2095 969 2160 valde:
1001 2109 1033 2162 et
1056 2096 1175 2160 nullam
1199 2116 1320 2159 moram

366 2197 555 2262 sustinentes
576 2200 673 2283 juxta
699 2198 832 2262 formam
864 2221 962 2284 quam
991 2198 1037 2261 eis
1061 2198 1211 2261 dominus
1237 2218 1323 2282 papa

365 2299 612 2385 prescripserat
622 2300 828 2366 incontinenti
840 2323 891 2365 me
901 2325 920 2364 a
929 2300 1105 2387 suspicione
1116 2323 1181 2385 qua
1193 2299 1324 2363 tenebar

366 2401 583 2477 absolverunt,
619 2403 773 2466 universis
803 2404 857 2488 qui
895 2402 1026 2466 aderaut
1063 2400 1324 2465 benedicentibus

366 2503 541 2568 Dominum
569 2505 624 2589 qui
652 2506 804 2589 superbos
830 2504 990 2583 humiliat,
1016 2503 1072 2590 qui
1104 2503 1262 2588 sapientes
1289 2504 1322 2565 iu

363 2604 481 2668 astutia
506 2627 563 2667 sua
592 2605 842 2690 comprehendit,
869 2609 927 2691 qui
953 2606 993 2669 de
1020 2604 1234 2669 misericordia
1263 2625 1322 2667 suu

365 2719 593 2793 praesumentes
615 2707 736 2786 liberat,
751 2721 783 2774 et
799 2709 923 2774 vinctos
943 2708 1051 2773 educit
1070 2708 1103 2772 in
1118 2706 1321 2772 fortitudine.

366 2807 431 2895 lpsi
443 2808 545 2893 gloria
559 2822 590 2874 et
603 2824 729 2875 nuncet
742 2834 799 2895 per
810 2811 1001 2875 immortalia
1013 2811 1117 2875 secula
1129 2809 1320 2874 seculorum.

366 2915 478 2976 Amen.
510 2910 638 2976 Veniam
650 2925 756 2977 autem
770 2912 810 2977 ad
828 2936 883 2976 vos
895 2916 965 2977 Deo
977 2912 1101 2976 volente
1115 2912 1148 2976 in
1162 2909 1321 2996 proximo,

365 3028 402 3079 ut
428 3013 582 3096 gatrdium
610 3036 713 3078 meum
741 3015 772 3078 in
801 3015 891 3079 vobis
916 3014 1098 3100 impleatur.
1147 3017 1237 3087 Quos
1263 3034 1324 3096 ego

363 3111 568 3199 ultraquam
591 3113 652 3179 dici
675 3115 774 3200 possit
799 3115 906 3177 videre
932 3113 1086 3177 desidero.
1133 3111 1322 3176 Benedictio

366 3215 428 3278 Dei
452 3216 556 3279 Patris
578 3228 609 3280 et
627 3217 699 3281 Filii
714 3231 745 3282 et
768 3218 907 3301 Spiritus
923 3215 1021 3279 sancti
1037 3213 1207 3278 descendat
1223 3234 1320 3298 super

365 3337 422 3377 vos
437 3338 496 3399 pro
511 3318 601 3380 nobis
615 3332 750 3383 orantes.
794 3321 881 3382 Acta
897 3329 971 3383 sunt
993 3316 1060 3380 haec
1085 3316 1224 3379 secunda
1242 3313 1324 3378 feria

366 3429 437 3500 post
469 3417 667 3482 Dominicam
692 3442 757 3504 qua
787 3433 948 3498 cantatur,
976 3418 1135 3495 Gaudete,
1162 3417 1214 3482 die
1239 3417 1323 3482 festo

368 3531 484 3582 sancta·
501 3517 609 3583 Luciae
624 3520 710 3605 apud
726 3520 950 3587 Albamarlam.

364 3807 588 3871 EPISTOLA
610 3810 983 3875 coemit-nauum
997 3829 1096 3874 aucis
1113 3829 1156 3872 su
1172 3826 1323 3872 arnano-

516 3928 905 3977 nouauuaxou.n1³1so.
952 3918 997 3991 [a.
1015 3933 1044 3976 u.
1067 3911 1174 3991 litt]

365 4091 530 4155 Hearicua
550 4091 623 4154 Rea
644 4093 776 4172 Angliae
790 4100 820 4156 et
841 4092 926 4155 Dua
941 4095 1102 4158 Narman.
1118 4100 1149 4155 et
1165 4093 1274 4174 Aquit.
1291 4100 1323 4156 et

401 4195 510 4258 Comes
526 4192 689 4274 Andeguv.
706 4193 746 4255 B.
763 4194 947 4259 Euontenat'
962 4197 1122 4278 Episcopo
1135 4197 1282 4258 salutem.

408 4328 538 4391 Scnmts
563 4325 649 4411 quod
673 4328 809 4391 concessi
831 4350 940 4413 pacem
966 4351 1065 4392 meam
1090 4327 1238 4392 omnibus
1260 4328 1319 4413 qui

365 4430 510 4495 exierunt
527 4429 566 4494 de
588 4429 703 4516 Anglia
723 4446 854 4517 propter
870 4432 1028 4496 'l'homam
1047 4433 1201 4496 Cantuar.
1218 4431 1322 4495 archi·
