3384 5525
502 786 546 847 56
762 799 897 846 scaurus
912 796 1189 843 saunssnnmusrs
1361 780 1409 861 [Δ.
1425 800 1458 843 n.

504 978 569 1041 quo
598 957 632 1019 in
661 974 734 1017 eum
758 953 858 1015 solum
890 951 1084 1014 contulimus
1109 950 1320 1033 patrocinium
1349 971 1457 1014 causae

504 1068 641 1132 nosnae3
663 1066 706 1132 et,
719 1052 803 1117 unde
815 1052 918 1132 magis
933 1051 1014 1131 grati
1030 1072 1100 1114 esse
1116 1050 1271 1115 debemus
1281 1053 1460 1129 Altissimo,

505 1180 525 1223 a
546 1156 732 1223 domesticis
754 1163 786 1218 et
807 1153 948 1236 antiquis
963 1152 1171 1216 familiaribus
1193 1151 1272 1216 nibil
1295 1155 1356 1217 bac
1380 1164 1458 1218 tem-

504 1271 626 1344 pestate·
642 1255 836 1339 recepimus:
860 1252 918 1316 sed
933 1254 1028 1315 amici
1045 1255 1143 1317 nostri
1159 1263 1192 1317 et
1205 1255 1346 1338 proximi
1363 1266 1459 1317 stete·

503 1369 579 1424 runt
594 1370 704 1423 contra
718 1377 778 1419 nos
792 1365 950 1438 ponentes
971 1375 1097 1417 carnem
1118 1356 1284 1419 brachium
1304 1377 1409 1433 suum,
1425 1365 1457 1418 et

504 1460 651 1523 tenebras
670 1458 787 1519 lucem.
833 1455 881 1517 Ut
903 1454 987 1515 enim
1004 1452 1044 1516 de
1059 1454 1130 1518 aliis
1150 1465 1283 1534 taceam,
1292 1455 1363 1539 jam
1378 1476 1457 1537 qua-

503 1560 682 1625 driennium
697 1557 775 1619 mihi
797 1556 943 1618 exulanti
965 1556 1110 1634 elabitur,
1126 1577 1185 1619 nec
1202 1558 1234 1619 in
1250 1557 1374 1620 ratione
1390 1555 1458 1619 dati

503 1673 536 1727 et
551 1661 676 1744 accepti
688 1658 786 1722 alicui
800 1668 935 1721 eatenus
945 1657 1103 1739 obligatus
1118 1678 1200 1736 sum,
1210 1659 1291 1742 quin
1307 1659 1458 1721 omnibus

504 1766 539 1827 in
562 1782 731 1828 commune
753 1760 936 1823 satisfacere
958 1780 1099 1843 possem,
1112 1759 1259 1842 delegato
1275 1760 1321 1824 eis
1337 1759 1379 1824 ad
1394 1762 1456 1824 sol·

504 1865 643 1930 vendnm
654 1862 855 1947 pauperrimo
865 1861 1019 1925 debitore.
1043 1863 1113 1925 Nec
1125 1863 1187 1926 hoc
1200 1872 1306 1925 tamen
1319 1862 1457 1925 dixerim

504 1967 546 2030 ad
562 1962 757 2044 arguendam
771 1961 1030 2044 ingratitudinem
1046 1973 1186 2027 veterum
1202 1964 1389 2041 amicorum,
1400 1962 1457 2026 sed

504 2068 546 2131 ad
567 2063 835 2147 magnificandam
859 2064 992 2145 gratiam
1012 2065 1086 2140 Dei,
1103 2066 1158 2149 qui
1179 2078 1289 2129 contra
1308 2078 1342 2129 et
1360 2086 1457 2149 supra

505 2169 617 2232 merita
631 2187 712 2245 mea,
727 2176 792 2229 tam
812 2187 864 2228 mc
885 2187 979 2249 quam
996 2166 1147 2249 parvulos
1162 2166 1242 2249 ejus,
1258 2167 1314 2251 qui
1330 2187 1456 2230 mecum

504 2281 589 2346 sunt,
604 2269 788 2333 consolatus
803 2268 898 2329 estin
916 2268 1003 2329 omni
1023 2268 1228 2331 tribulatione
1246 2280 1365 2332 nostra.
1411 2269 1458 2332 Ut

503 2381 609 2434 autem
618 2369 689 2433 baec
699 2368 794 2432 nobis
803 2368 999 2431 consolatrix
1011 2368 1111 2449 gratia
1119 2370 1257 2452 propitia
1266 2378 1459 2453 perseveret,

503 2473 615 2535 vestris
629 2482 661 2533 et
675 2481 853 2534 sanctorum
871 2467 1016 2532 desidero
1031 2471 1181 2551 precibus
1196 2470 1347 2554 adjuvari.
1371 2470 1457 2534 Can·

504 2573 672 2636 tuariensis
686 2592 760 2634 vero
776 2570 1049 2654 archiepiscopus,
1065 2572 1131 2655 qui,
1147 2574 1235 2636 velut
1248 2574 1328 2635 alter
1345 2574 1456 2650 Jonas,

504 2681 540 2735 ut
555 2672 706 2735 Ecclesia
725 2672 887 2748 liberetur,
902 2684 1112 2755 spontaneum
1129 2694 1171 2736 ex
1187 2674 1316 2737 carime
1331 2675 1457 2738 naufra-

503 2776 591 2856 gium
611 2774 703 2838 fecit:
729 2775 873 2855 gratiam,
890 2796 986 2857 quam
1006 2774 1093 2858 apud
1109 2796 1183 2839 suos
1203 2787 1370 2854 meruerat,
1386 2777 1455 2840 Do·

503 2877 591 2939 mino
617 2876 754 2939 ducente
777 2874 864 2958 apud
886 2884 1059 2938 extraneos
1080 2877 1231 2960 repperit,
1258 2891 1290 2940 et
1316 2879 1454 2942 filiorum

504 2989 656 3061 expertus
672 2977 886 3052 devotionem,
902 2977 1070 3061 stipendiis
1087 2979 1153 3040 suis
1167 2980 1327 3043 Ecclesiae
1342 2981 1457 3044 militat

503 3080 701 3159 Anglicanoe.
746 3077 970 3160 Noveritisque
985 3099 1044 3160 pro
1062 3091 1159 3156 certo,
1174 3080 1251 3162 quia
1264 3101 1323 3162 per
1336 3081 1456 3144 miseri·

503 3177 646 3239 cordiam
673 3176 736 3238 Dei
763 3177 797 3237 in
824 3172 913 3237 brevi
940 3186 1085 3258 patenter
1111 3177 1270 3258 videbitis,
1294 3178 1383 3263 quod
1409 3177 1457 3260 (ut

505 3276 617 3356 credo)
634 3273 792 3338 desiderat
814 3276 920 3337 anima
935 3290 1048 3355 vestra,
1063 3290 1309 3363 persequutores
1332 3281 1457 3345 scilicet

503 3379 649 3441 ecclesiae
672 3386 727 3439 aut
748 3377 887 3439 converti
909 3389 963 3439 aut
985 3381 1115 3442 conteri.
1161 3381 1368 3458 sedetorare,
1385 3405 1456 3468 qnae

504 3478 546 3540 ad
561 3479 646 3541 bunc
659 3478 827 3542 articulum
842 3478 1011 3562 pertinent,
1022 3501 1153 3546 necesse
1168 3483 1272 3548 habeo
1283 3485 1456 3568 praeterire,

504 3601 545 3642 ne
562 3580 784 3662 praevaricator
798 3580 988 3643 obedientiae
1009 3583 1183 3665 publicem,
1200 3586 1317 3670 quibus
1332 3587 1456 3669 pactio·

504 3682 599 3744 nibus
608 3692 640 3744 et
651 3679 855 3746 cautionibus
865 3684 996 3746 obtenta
1005 3694 1089 3758 sunt,
1102 3708 1174 3770 quae
1187 3688 1219 3749 in
1232 3686 1470 3770 praejudicium.

504 3782 629 3845 domini
651 3782 894 3848 cantuariensis
915 3794 948 3846 et
969 3806 1098 3849 suorum
1113 3809 1132 3851 a
1147 3787 1277 3852 domino
1300 3811 1387 3874 papa
1407 3791 1454 3853 in·

504 3883 673 3947 dultaesse
681 3883 842 3968 jactitant,
853 3885 909 3968 qui
920 3886 1102 3951 Ecclesiam
1113 3900 1357 3974 persequuntur.
1380 3891 1455 3954 Hoc

504 3995 610 4047 autem
624 3985 757 4049 licenter
772 3987 904 4069 eloquor
917 3999 949 4048 et
962 4008 1069 4051 verum
1085 4000 1144 4067 est,
1156 3991 1232 4073 quia
1247 3991 1273 4054 si
1289 3992 1454 4076 pactiones

503 4085 622 4148 fuerint
650 4085 843 4169 adimpletas,
872 4087 1036 4166 negotium
1073 4089 1315 4156 cantuariensis
1352 4091 1455 4156 arcbi·

502 4185 649 4269 episcopi
664 4197 695 4248 et
709 4186 807 4248 totius
829 4186 988 4250 Ecclesiae
1006 4189 1210 4254 commodius
1231 4192 1298 4272 geri
1317 4214 1384 4257 uon
1398 4213 1453 4276 po·

501 4287 570 4351 tuit.
