3384 5525
375 777 485 853 riou]
758 791 936 834 nrrsrotrz.
1268 781 1329 838 179

366 963 540 1008 consensus
548 962 648 1026 ponas
659 961 733 1003 cnm
750 941 868 1025 impiis,
877 955 1050 1025 expectans
1065 941 1180 1026 etipse
1192 966 1326 1026 regnum

367 1045 444 1112 Dei:
468 1043 558 1108 unde
573 1044 614 1107 ad
630 1064 702 1106 earn
718 1064 814 1128 quam
838 1054 895 1104 tuo
916 1041 1041 1127 pridem
1063 1045 1177 1107 merito
1198 1067 1326 1131 compa-

365 1148 449 1224 rasti,
472 1145 555 1210 mihi
577 1146 617 1210 ad
641 1156 674 1208 te
696 1144 860 1229 duplicata
881 1157 930 1206 est
951 1145 1075 1221 caritas,
1099 1160 1246 1232 prompta
1268 1171 1326 1233 pro

363 1249 484 1315 viribus
514 1248 579 1313 tuis
607 1259 642 1311 et
668 1258 798 1310 tuomm
832 1246 942 1310 usibus
969 1248 1121 1312 inservire
1151 1261 1185 1312 et
1212 1272 1325 1334 parere

363 1353 533 1418 mandatis.
581 1352 704 1437 Utique
730 1372 791 1413 nec
814 1349 927 1415 diffido
950 1350 1030 1413 milri
1053 1354 1324 1436 opportunitatem

362 1455 439 1533 fore,
455 1455 510 1520 cni
531 1454 641 1519 divina
662 1452 766 1537 gratia
787 1474 883 1536 supra
897 1464 931 1515 et
944 1466 1055 1516 contra
1069 1454 1184 1517 merita
1198 1478 1272 1519 mea
1291 1471 1325 1520 et

363 1559 442 1624 citra
463 1579 597 1644 operam
618 1554 794 1620 amicorum
815 1555 992 1618 necessaria
1014 1556 1150 1620 contulit
1170 1558 1267 1621 etiam
1290 1559 1323 1622 in

364 1662 471 1740 exilio,
485 1660 606 1748 quibus
627 1679 755 1745 possum
776 1658 945 1722 commode
961 1660 1154 1723 necessarius
1177 1682 1246 1724 esse
1265 1662 1323 1725 do·

363 1764 459 1829 minis
473 1775 509 1827 et
523 1762 644 1842 amicis,
658 1772 693 1825 et
707 1761 763 1847 qui
783 1760 870 1845 cepit
884 1760 1044 1845 perficiet:
1068 1762 1219 1848 quoniam
1240 1762 1324 1827 sicut

363 1866 521 1953 praevenit
538 1879 614 1932 vota
630 1866 802 1950 justorum,
825 1863 882 1940 ita,
903 1886 943 1926 eo
965 1876 1104 1940 auctore,
1120 1864 1207 1948 quod
1229 1865 1322 1930 timet

362 1968 491 2056 impius,
515 1968 623 2032 veniet
648 1988 744 2051 super
769 1987 855 2029 eum.
902 1965 976 2050 Ipso
999 1988 1127 2052 quoqne
1150 1979 1321 2052 praestante

364 2071 482 2157 poterit
496 2069 755 2155 archiepiscopus
769 2066 825 2154 qui
848 2066 932 2131 solus
947 2090 1005 2153 pro
1020 2068 1116 2132 totius
1133 2068 1322 2152 Anglicanae

364 2174 508 2239 acclesiae
538 2174 639 2240 salute
674 2172 814 2250 dimicat,
850 2172 958 2235 amicis
988 2172 1131 2235 debitum
1170 2186 1320 2259 praestare

364 2276 535 2342 solatium:
553 2274 630 2360 quia
639 2294 702 2357 pax
713 2272 854 2336 ecelesiae
865 2270 1055 2336 reformatur
1070 2272 1206 2336 contrito
1215 2274 1319 2359 capite

363 2375 542 2443 schismatis
558 2387 592 2441 et
612 2374 764 2439 lateribus
786 2373 855 2457 ejus
877 2374 1111 2439 collabentibus
1132 2375 1165 2438 in
1181 2376 1317 2441 ruinam.

366 2481 431 2548 Ora
446 2502 525 2565 ergo
547 2490 582 2543 et
602 2477 737 2544 sollicita
758 2476 871 2541 fratres
892 2489 975 2560 tuos,
996 2478 1158 2565 quiajam
1181 2502 1319 2565 experge

364 2584 466 2649 lactus
480 2594 530 2648 est
542 2580 696 2647 Christus.

369 2807 598 2872 EPISTOLA
620 2805 909 2869 ccuxxu-rn
922 2825 1151 2870 wicrammum
1167 2825 1307 2868 ancum.

571 2926 828 2973 uonwrcmrsmr.
880 2908 923 2986 [A.
942 2928 972 2971 n.
993 2908 1101 2987 1168]

493 3040 584 3106 Idem
605 3043 784 3105 Walcalm'o
799 3044 984 3106 Norwicen.
1000 3043 1184 3104 Archidr'nc.

407 3179 587 3241 Prarrmr
616 3172 665 3235 vir
686 3171 893 3238 doctissimus
915 3189 947 3238 et
976 3173 1254 3261 eloquentissimus
1276 3199 1315 3239 ex

367 3277 466 3342 causis
477 3273 603 3338 dicendi
615 3273 799 3337 sumendam
815 3298 882 3339 esse
893 3276 1049 3340 dictorum
1063 3275 1315 3360 intelligentiam,

366 3401 436 3465 quae
450 3374 565 3460 regula
579 3373 649 3438 siin
664 3397 806 3439 sermone
821 3399 892 3439 meo
902 3376 1128 3442 fueritavobis
1139 3379 1317 3459 observata,

366 3503 424 3544 non
440 3479 582 3566 putabor
590 3488 734 3563 quoestus
744 3481 850 3562 gratia
861 3478 977 3543 dixisse
989 3481 1155 3567 quippiam
1169 3481 1220 3543 cui
1232 3504 1317 3544 men-

366 3581 490 3647 dicandi
505 3594 571 3645 tam
587 3579 676 3644 deest
692 3580 859 3645 necessitas
874 3604 969 3667 quam
994 3581 1150 3646 voluntas
1199 3580 1315 3647 Verum

366 3684 455 3750 dnloe
470 3696 517 3748 est
533 3694 606 3769 post
621 3680 752 3746 exilium
774 3683 980 3769 quinquenne
999 3707 1117 3770 eoquo
1137 3685 1204 3748 fieri
1222 3687 1316 3750 modo

365 3786 433 3853 licet
455 3808 529 3851 cum
553 3784 661 3850 amicis
682 3807 744 3848 non
768 3784 842 3849 visis
865 3809 884 3848 a
904 3786 1005 3851 multo
1026 3799 1167 3873 ternpore
1187 3802 1313 3872 gratnm

366 3888 596 3954 communicare
612 3909 797 3967 sermonem,
819 3901 851 3953 et
867 3888 939 3973 quis
955 3912 1064 3953 eorum
1085 3903 1189 3955 status
1204 3895 1245 3956 sit
1261 3914 1315 3954 ex-

365 3990 495 4077 plorare.
541 3992 626 4054 Nam
660 3988 817 4053 calculum
852 3991 992 4055 fortunae
1023 4015 1131 4056 eorum
1170 3991 1316 4078 excipere

365 4105 494 4176 paratus
509 4112 591 4167 sum,
608 4104 640 4155 et
655 4091 926 4176 opportunitatem
948 4091 1093 4157 desidero
1108 4092 1316 4179 obsequendi.

365 4196 430 4258 Nec
452 4193 565 4259 diffido
586 4216 644 4280 per
672 4190 806 4278 gratiam
831 4195 893 4257 Dei
916 4195 992 4281 quin
1014 4196 1046 4259 in
1070 4197 1160 4261 brevi
1181 4193 1317 4260 facultas

366 4295 527 4370 offeratur,
551 4316 652 4379 quum
677 4292 816 4357 ecclesiae
841 4316 952 4380 pacem
977 4296 1055 4360 mihi
1078 4298 1186 4362 videre
1207 4293 1316 4359 videar

367 4398 550 4472 accelerare,
580 4407 612 4461 et
641 4395 804 4460 dominum
837 4399 991 4462 Cantuar.
1029 4412 1060 4463 et
1086 4395 1320 4483 condiscipulos

809 4507 868 4563 ret
