3384 5525
366 783 425 839 150
627 789 762 833 iciunis
778 784 1059 830 sunusnnnrnnsrs
1224 766 1269 844 [r.
1290 784 1319 825 o.

396 1029 616 1093 EPISTOLA
646 1026 1147 1090 CCXLlX.—.innmnu·1nuu
1172 1039 1291 1083 incru-

504 1146 678 1191 nmconurn
696 1143 926 1189 axourunsan.
976 1123 1019 1202 [A.
1036 1143 1066 1185 n.
1088 1119 1198 1202 1168]

564 1279 655 1341 Idem
674 1278 862 1340 Baldewfno
875 1274 1120 1337 Archidiccono.

411 1416 494 1477 Ersr
508 1408 648 1495 parvitas
660 1432 730 1471 mea
741 1408 781 1472 ad
793 1407 908 1492 dignas
922 1406 1100 1491 gratiarum
1111 1426 1177 1467 non
1189 1403 1320 1467 sufficiat

367 1513 516 1592 actiones,
538 1511 678 1594 opinioni
702 1525 808 1575 tamen
832 1508 1057 1594 praejudicium
1082 1507 1210 1584 faciam,
1233 1506 1258 1569 si
1284 1504 1321 1568 de

368 1613 594 1680 taciturnitatis
607 1612 720 1676 merito
733 1624 945 1698 praesumatur
957 1632 1006 1673 me
1018 1608 1246 1674 beneficiorum
1262 1630 1324 1671 esse

367 1718 593 1790 immemorem,
616 1727 647 1778 et
672 1714 771 1778 vicem
797 1711 955 1776 referendi
981 1713 1014 1774 in
1040 1710 1150 1775 officiis
1175 1709 1321 1773 amicitiae

365 1817 472 1881 deesse
500 1815 705 1879 voluntatem.
754 1815 820 1878 Ubi
849 1837 924 1895 ergo
955 1812 1091 1876 facultas
1116 1811 1321 1898 suspenditur

367 1917 551 1992 voluntatis,
568 1939 626 2002 par
647 1931 707 1994 est,
724 1930 761 1981 ut
783 1916 929 1981 voluntas
951 1915 1112 1980 cumulata
1131 1918 1277 1993 caritate,
1291 1926 1320 1976 et

366 2016 471 2101 gratia
485 2015 632 2101 suppleat
647 2015 793 2079 inhibitae
809 2014 972 2079 facultatis
994 2014 1140 2079 officium.
1190 2014 1224 2077 Si
1239 2013 1319 2077 enim

366 2141 480 2187 verum
500 2131 547 2181 cst
571 2115 658 2203 quod
681 2116 759 2181 nulli
783 2117 918 2180 dubium
942 2130 989 2179 est
1012 2139 1122 2179 verum
1145 2139 1226 2194 esse,
1246 2115 1320 2201 quia

368 2221 484 2285 totiens
499 2220 622 2306 experti
635 2242 746 2283 sumus
760 2218 853 2283 tidem
867 2218 1045 2283 habendam
1057 2241 1124 2281 esse
1135 2217 1318 2303 proverbio:

471 2338 588 2389 Nitimur
599 2338 626 2387 in
639 2337 748 2388 vetitum
761 2354 870 2407 semper,
884 2337 1049 2408 cupimusque
1061 2342 1196 2404 negatum,

365 2440 572 2526 probabiliter
586 2439 699 2524 conjici
718 2443 837 2526 poterit
854 2462 903 2503 me
927 2464 991 2525 qno
1006 2439 1106 2525 magis
1125 2438 1274 2503 inhibeor
1288 2451 1319 2503 et

366 2566 473 2607 arceor
488 2542 529 2604 ab
544 2541 663 2616 amicis,
676 2565 713 2606 eo
728 2542 865 2627 amplius
880 2541 921 2605 ad
936 2541 1197 2607 amicitiaeofficia
1212 2564 1321 2629 repen·

366 2643 481 2717 denda,
497 2658 529 2706 et
545 2643 708 2707 ardentius
723 2644 859 2708 incitari.
907 2645 939 2708 Si
956 2645 1033 2710 mihi
1051 2668 1115 2709 non
1131 2645 1236 2710 credis
1250 2667 1320 2709 con·

368 2747 435 2812 sule
458 2763 630 2810 amatores:
663 2761 706 2826 et,
727 2748 751 2810 si
779 2747 919 2834 perfecte
942 2746 989 2812 vis
1013 2748 1141 2828 instrui,
1163 2747 1249 2812 disce
1275 2746 1321 2811 vel

368 2874 452 2914 nunc
465 2849 551 2936 quod
570 2863 601 2914 te
612 2849 765 2914 hactenus
781 2850 919 2914 arbitror
930 2851 1085 2936 ignorare.
1116 2854 1163 2916 Te
1178 2849 1323 2915 mulieres

367 2952 549 3018 fidelissime
571 2951 789 3038 perdocebunt
810 2965 928 3038 quanta
946 2953 1009 3018 sint
1031 2953 1186 3040 prohibiti
1210 2952 1323 3017 amoris

366 3056 520 3123 incendia.
567 3057 623 3134 Et,
639 3055 663 3118 si
686 3055 792 3120 adbuc
814 3055 989 3139 perfectius
1011 3055 1174 3120 desideras
1192 3054 1322 3133 erudiri,

366 3172 397 3222 te
423 3159 479 3222 tibi
507 3157 664 3221 commissi
694 3156 806 3220 docere
836 3169 986 3242 poterunt
1014 3156 1202 3223 sacerdotes.
1249 3159 1321 3241 Ago

365 3280 442 3341 ergo
456 3256 624 3321 devotione
647 3280 721 3343 quae
742 3256 883 3321 cobiberi
905 3281 967 3322 non
989 3271 1094 3344 potest
1113 3257 1322 3344 amplissimas

366 3357 496 3442 gratias,
512 3370 617 3421 certus
637 3358 723 3442 quod
740 3357 796 3444 qui
817 3357 946 3423 calicem
961 3382 1056 3445 aquae
1078 3359 1207 3444 frigida
1221 3382 1322 3426 remu·

365 3472 453 3522 nerat
476 3457 616 3542 praemiis
642 3458 851 3544 sempiternis,
877 3473 909 3524 et
935 3460 988 3525 hic
1014 3460 1072 3525 tibi
1098 3462 1197 3547 juxta
1227 3461 1320 3527 fidem

365 3557 519 3643 evangelii
531 3557 716 3643 centuplum
729 3560 851 3641 reddet,
862 3573 894 3626 et
905 3561 938 3624 in
949 3562 1061 3627 futuro
1072 3562 1201 3650 pietatis
1212 3562 1322 3627 merita

365 3660 537 3724 coronabit.
584 3661 629 3724 Et
656 3661 785 3747 quidem
811 3687 883 3750 spes
905 3677 951 3729 est
976 3664 1064 3752 quod
1087 3665 1227 3752 procella
1248 3686 1320 3751 quac

365 3761 476 3825 tandiu
493 3763 607 3828 collisit
628 3764 801 3841 ecelesiam,
818 3765 1017 3831 serenabitur
1031 3775 1064 3831 iu
1080 3767 1185 3831 brevi:
1219 3763 1322 3852 etqui

364 3885 432 3925 eam
450 3863 661 3928 turbaverunt
677 3866 718 3930 ab
733 3866 883 3951 aquilone
894 3880 926 3933 ct
942 3868 1117 3943 occidente,
1129 3868 1199 3954 jam
1215 3867 1320 3932 videu-

364 3964 468 4028 turin
491 3964 575 4030 illius
595 3966 720 4050 judicio
742 3969 905 4033 conveniri
928 3969 982 4056 qui
1006 3982 1152 4056 potentes
1174 3982 1317 4056 potenter

364 4065 467 4147 punit,
490 4078 521 4129 et
545 4067 650 4131 aufert
681 4070 829 4153 spiritum
856 4069 1051 4156 principum.
1096 4071 1173 4135 Jam
1198 4069 1258 4157 qui
1281 4067 1320 4133 ab

365 4165 461 4228 Italia
473 4166 640 4252 proscripti
652 4169 779 4236 fuerant
795 4170 976 4236 redierunt:
994 4171 1215 4236 schismaticus
1228 4192 1322 4237 exau-

365 4280 479 4350 gustus
495 4268 633 4353 turpiter
645 4281 675 4332 et
693 4269 900 4352 ignominiose
915 4271 1135 4356 perturbatus,
1145 4271 1280 4357 fugatus
1292 4282 1322 4337 et

361 4369 510 4434 exclusus
532 4384 612 4434 esta
637 4371 841 4449 Lumbardis,
859 4371 889 4435 in
907 4373 1043 4438 transitu
1059 4395 1148 4438 suam
1173 4373 1317 4438 turbavit
