3384 5525
504 795 564 854 178
761 805 898 850 JOANNts
914 803 1195 848 sannsaummsrs
1370 783 1415 862 [A.
1428 805 1457 846 n.
1507 839 1511 846 .

502 959 598 1033 dices,
612 969 761 1021 verentur
775 956 943 1035 delatores,
954 954 1043 1041 quasi
1059 954 1127 1018 sine
1143 975 1253 1017 eorum
1267 952 1460 1017 conscientia

504 1060 617 1136 nullos,
641 1080 741 1143 quum
765 1057 912 1122 voluntas
937 1057 1038 1137 adest,
1060 1055 1179 1121 faciant
1201 1065 1358 1141 sumptus.
1404 1053 1459 1118 Est

504 1163 610 1228 cautio
633 1161 774 1248 praestita
798 1161 958 1247 potestati,
984 1172 1071 1224 certe
1094 1182 1158 1223 nou
1182 1170 1272 1223 tenet
1298 1158 1459 1243 obligatio.

507 1263 641 1328 Timent
656 1286 763 1348 regem
786 1262 951 1348 probabile
972 1262 1102 1348 quidem
1119 1272 1177 1338 est,
1193 1273 1226 1325 et
1241 1260 1343 1345 magis
1365 1282 1460 1347 quam

505 1368 623 1432 Deum.
681 1367 765 1430 Nam
795 1388 894 1452 quum
926 1365 1027 1430 altero
1056 1364 1262 1451 praecipieute
1293 1363 1459 1450 prohibeat

505 1470 595 1546 alter,
612 1468 663 1533 vel
679 1480 799 1550 contra,
815 1468 1016 1554 perspicuum
1034 1480 1082 1532 est
1104 1468 1156 1531 coi
1178 1478 1337 1552 pareatur.
1382 1465 1460 1531 Exi·

504 1584 599 1657 getur
620 1572 750 1636 fortasse
773 1570 944 1657 purgatio:
979 1569 1046 1634 sine
1069 1569 1236 1656 dispendio
1259 1567 1461 1632 conscientiae

504 1685 537 1736 et
559 1672 654 1737 famoe
676 1672 820 1758 praestari
843 1694 906 1736 non
930 1670 1055 1756 poterit.
1110 1669 1353 1736 Conducibilius
1375 1669 1458 1732 enim

505 1787 553 1839 est
575 1774 725 1840 subtilem
748 1773 949 1860 praetendere
971 1773 1181 1838 reverentiam
1204 1784 1238 1836 et
1259 1771 1460 1858 privilegium

505 1878 582 1941 cleri
619 1877 674 1963 qui
705 1876 856 1941 immunis
890 1888 938 1941 est
971 1878 1012 1941 ab
1042 1875 1225 1962 hujusmodi
1257 1875 1458 1963 juramentis.

508 1978 572 2041 Sed
599 1977 714 2063 inquis,
740 1977 906 2042 nobiscum
929 1979 1002 2062 jure
1026 1978 1076 2042 vel
1104 1977 1225 2042 ratione
1251 1999 1316 2041 non
1346 1975 1459 2061 agitur,

506 2079 561 2144 sed
582 2080 696 2145 surore.
744 2078 901 2166 Nunquid
929 2102 1005 2163 ergo
1031 2079 1209 2144 furentibus
1229 2078 1460 2144 confurendum

505 2193 554 2245 est
575 2182 693 2266 rejecto
711 2182 796 2266 jure,
811 2193 844 2246 et
866 2182 988 2247 ratione
1010 2194 1203 2269 contempta.
1250 2182 1316 2249 Sed
1334 2195 1460 2246 auctore

506 2284 579 2348 Deo
594 2306 656 2369 pax
671 2283 814 2349 ecclesiae
834 2285 1043 2350 videturesse
1064 2286 1097 2349 in
1116 2284 1234 2370 januis.
1282 2284 1353 2349 Nec
1369 2284 1460 2348 rideo

506 2409 570 2473 qua
597 2387 701 2451 fronte
725 2388 757 2451 in
788 2388 895 2474 quiete
923 2389 1021 2474 ipsius
1047 2390 1187 2453 audeant
1212 2408 1377 2473 apparere,
1407 2385 1461 2473 qui

506 2490 650 2555 ridentes
687 2490 875 2576 pericolum,
905 2502 938 2555 et
972 2491 1089 2556 totiens
1123 2490 1261 2555 invocati
1296 2488 1461 2573 naufragio

506 2593 574 2677 ejus
600 2592 679 2657 nihil
710 2592 817 2656 auxilii
848 2592 1062 2669 contulerunt,
1090 2593 1213 2657 utinam
1239 2592 1270 2657 ei
1295 2593 1346 2657 rel
1375 2611 1461 2656 nune

506 2693 666 2758 Dominus
701 2715 792 2757 meus
821 2704 854 2757 et
884 2693 939 2757 alii
969 2693 1064 2759 amici
1093 2694 1256 2780 porrigant
1285 2693 1460 2776 dexteram,

506 2819 547 2862 ne
562 2820 616 2862 eos
630 2800 832 2884 postmodum
850 2797 1015 2883 poeniteat,
1026 2819 1125 2883 quum
1144 2797 1330 2882 navigantes
1341 2796 1459 2862 Christi

505 2899 675 2986 discipulos
697 2900 729 2963 in
752 2899 844 2964 litore
860 2899 999 2965 viderint
1016 2900 1169 2977 exultare,
1190 2911 1224 2963 et
1242 2921 1276 2964 se
1292 2900 1409 2976 vocari,
1426 2912 1460 2964 ut

504 3004 756 3089 comprandeant
770 3003 827 3067 illi.
875 3003 945 3066 Nec
959 3002 1020 3066 hoc
1035 3003 1156 3067 dictum
1172 3013 1276 3088 putes,
1288 3014 1326 3066 ut
1341 3001 1460 3089 aliquid

504 3104 583 3168 mihi
599 3105 758 3170 tribuatur
772 3105 827 3191 qui
843 3104 1047 3191 pergratiam
1071 3106 1134 3169 Dei
1150 3115 1183 3169 ot
1197 3105 1324 3169 illorum
1345 3105 1461 3192 quibus

504 3227 524 3267 a
545 3206 715 3288 juventute
739 3206 841 3271 coalui
863 3207 960 3272 floreo
984 3221 1017 3272 et
1040 3207 1180 3288 abundo,
1203 3207 1259 3272 sod
1285 3207 1358 3272 Deo
1380 3220 1459 3273 teste

503 3306 650 3371 desidero
674 3308 854 3373 satisfacere
881 3310 1014 3376 caritati.
1066 3311 1118 3374 De
1145 3322 1201 3374 tuo
1225 3320 1259 3374 et
1284 3310 1458 3375 amicorum

504 3420 588 3472 statu
614 3408 766 3473 sollicitus
792 3411 940 3474 nuntium
968 3412 1039 3477 misi
1064 3424 1256 3498 proesentem
1281 3412 1358 3476 fidei
1382 3411 1457 3477 mihi

503 3511 663 3594 probatae:
695 3533 799 3597 aquo
822 3512 846 3575 si
870 3513 1003 3596 dignum
1027 3514 1117 3580 ducis
1139 3514 1180 3580 do
1202 3535 1277 3578 meo
1298 3515 1457 3602 inquirere

502 3612 630 3697 poteris,
646 3624 680 3677 et
694 3614 780 3699 quod
795 3614 950 3699 placuerit
965 3616 1071 3681 eidem
1087 3638 1197 3682 secure
1212 3617 1372 3683 intimare.

501 3921 721 3984 EPrSTOLA
746 3924 998 3988 cccxx-ro
1013 3945 1193 3990 armenum
1215 3943 1452 3990 coronaturum

723 4042 981 4087 uonwrcunsuu.
1016 4027 1059 4106 [n.
1073 4045 1104 4090 n.
1124 4027 1233 4107 lton]

672 4174 758 4235 Idem
776 4172 914 4236 Girordo
931 4175 1061 4238 Cellorio
1077 4175 1274 4240 Norwr'censi.

541 4304 702 4366 Gluouus
717 4298 812 4362 audio
832 4300 873 4363 de
895 4312 939 4382 te,
953 4300 1170 4378 dilectissime,
1186 4301 1272 4387 quod
1288 4300 1450 4366 honestam

498 4400 641 4466 ecclesiae
664 4400 824 4466 desideras
850 4412 882 4467 et
906 4426 1012 4489 speras
1039 4427 1164 4490 pacem,
1189 4425 1250 4467 nec
1277 4403 1449 4488 portionem
