3384 5525
370 765 470 852 ll67.]
758 786 938 838 narsaeus.
1286 773 1327 829 55

364 938 554 1022 sumptibus,
581 960 703 1021 quaeso,
725 938 759 1000 in
784 938 845 1002 hac
873 948 903 1002 te
927 938 1016 1001 nulla
1033 936 1153 1000 ratione
1174 936 1321 1019 parcatis.

363 1040 479 1104 Precor
493 1039 592 1103 etiam
608 1041 721 1103 iterata
740 1040 988 1122 supplicatione,
1003 1038 1151 1123 quatinus
1170 1037 1204 1099 iu
1220 1039 1323 1120 operi·

364 1142 421 1203 bus
435 1141 632 1218 Aristotelis,
647 1141 703 1203 ubi
714 1138 895 1203 difficiliora
908 1140 1034 1217 fuerint,
1042 1140 1170 1202 notulas
1185 1135 1321 1211 faciatis,

364 1262 400 1304 eo
422 1241 513 1326 quod
541 1242 745 1323 interpretem
768 1240 969 1323 aliquatenus
992 1250 1176 1325 suspectum
1198 1242 1320 1305 habeo:

365 1342 438 1426 quia
449 1343 530 1405 licet
545 1344 701 1426 eloquens
716 1341 809 1404 suerit
828 1343 919 1418 alias,
933 1352 969 1404 ut
984 1364 1069 1426 saepe
1085 1342 1202 1419 audivi,
1216 1343 1322 1405 miuus

366 1452 473 1506 tamen
487 1442 550 1505 suit
564 1442 600 1503 in
617 1442 822 1523 grammatica
835 1443 1010 1506 institutus.

367 1703 594 1768 EPISTOLA
618 1702 844 1767 celcra-ln
865 1720 940 1765 nan.
962 1720 1115 1766 naronarr
1128 1719 1323 1765 wmonunu·

685 1821 761 1866 sarr.
788 1803 832 1882 [A.
847 1821 878 1866 n.
898 1802 1007 1882 1162]

451 1939 552 2001 Joarr.
570 1936 696 2001 Saresb.
710 1937 857 2019 Radulso
874 1938 989 2001 Priori
1012 1939 1227 2019 Wr'porrrensi.

409 2063 586 2131 Aouauuur
615 2061 711 2145 copia
739 2062 852 2145 nequit
877 2063 1066 2144 extinguere
1091 2064 1265 2143 caritatem,
1292 2073 1325 2126 et

368 2164 504 2228 sincerae
521 2164 703 2227 dilectionis
717 2166 851 2228 affectus
867 2185 901 2227 se
915 2166 1094 2248 perspicuis
1109 2164 1237 2229 indiciis
1252 2187 1324 2250 pro·

370 2266 446 2330 de're
462 2265 641 2328 consuevit.
685 2264 815 2327 Poterat
834 2285 910 2345 ergo
925 2265 1026 2329 videri
1038 2267 1111 2351 jure
1131 2265 1249 2330 silentii
1263 2266 1325 2329 mei

370 2366 561 2429 diuturnitas
573 2365 747 2448 arguenda,
755 2365 816 2428 nisi
827 2374 859 2429 et
870 2369 1045 2431 necessitas
1054 2366 1327 2452 peregrinationis,

370 2480 402 2531 et
416 2470 564 2530 locorum
580 2466 730 2530 distantia
745 2477 778 2531 et
791 2467 1049 2532 intermeantium
1064 2470 1185 2548 raritas,
1197 2481 1228 2533 et
1242 2468 1325 2532 diffi-

370 2571 474 2633 cultas
501 2569 761 2648 commeantium,
789 2579 822 2633 et
848 2570 1027 2654 perniciosa
1051 2572 1114 2635 sibi
1139 2582 1172 2635 et
1197 2571 1327 2635 odibilis

369 2673 454 2747 Deo,
465 2672 614 2735 officiosa
629 2682 734 2735 tamen
746 2672 905 2735 Ecclesiae
916 2672 1137 2736 insidiatorum
1149 2673 1327 2756 diligentia,

370 2773 512 2838 caritatis
527 2774 692 2837 silentium
711 2782 913 2838 excusarent.
959 2774 1146 2837 Officiosam
1160 2796 1237 2837 sane
1254 2773 1326 2836 dix·

370 2875 449 2937 erim
461 2874 684 2958 praeordinatis
695 2876 737 2938 ad
750 2875 859 2953 vitam,
869 2875 986 2958 quibus
999 2875 1107 2938 omnia
1118 2884 1328 2957 cooperantur

371 2975 404 3038 in
415 2977 552 3053 bonum,
562 2977 683 3040 rabiem
693 2987 976 3061 persequutorum:
993 2975 1070 3058 quia
1080 2985 1112 3036 et
1122 2972 1199 3036 dum
1210 2972 1328 3055 impius

372 3076 531 3158 superbit,
552 3076 735 3140 incenditur
753 3098 894 3161 pauper:
918 3085 951 3138 et
973 3074 1049 3137 dum
1072 3072 1193 3136 malitia
1213 3070 1329 3136 debac-

372 3176 487 3240 chatur
499 3177 656 3255 insanius,
671 3178 727 3260 qui
746 3178 780 3240 in
801 3177 990 3242 conflatorio
1006 3174 1139 3239 Domini
1154 3182 1240 3253 sunt,
1252 3196 1328 3257 pur-

371 3285 487 3359 gantur
516 3278 655 3360 amplius
679 3287 735 3340 aut
758 3279 940 3360 probantur.
988 3278 1085 3339 Nunc
1116 3285 1222 3340 antem
1252 3276 1329 3360 quia

372 3380 453 3442 mihi
468 3378 621 3441 divinitus
638 3381 754 3444 collata
769 3390 818 3443 est
836 3379 1062 3462 impertiendae
1077 3388 1195 3462 optatae
1211 3380 1327 3442 saluta·

372 3480 470 3544 tionis
488 3481 629 3558 occasio,
655 3483 928 3564 opportunitatem
956 3489 1115 3563 gratanter
1144 3480 1271 3563 arripui,
1297 3490 1330 3543 et

372 3594 479 3646 restro
508 3583 737 3647 interveniente
769 3583 877 3647 officio
906 3604 1021 3667 precor
1049 3584 1200 3646 attentius
1230 3590 1329 3644 totam

355 3685 622 3766 .Wigomensem
644 3686 827 3749 Ecclesiam
842 3685 972 3748 nomine
987 3706 1059 3748 meo
1075 3684 1258 3764 diligentius
1280 3705 1329 3747 sa·

374 3785 479 3862 lutari,
506 3800 601 3848 orans
626 3796 662 3848 ut
687 3785 872 3849 memoriam
894 3786 958 3848 mei
982 3785 1136 3863 habeatis,
1164 3795 1197 3848 et
1218 3785 1331 3848 haberi

374 3885 500 3950 faciatis
519 3887 553 3950 in
573 3887 770 3951 orationibus
792 3887 873 3971 ejus,
888 3899 920 3950 et
934 3909 1069 3969 agonem
1088 3887 1247 3951 Ecclesiae
1263 3887 1330 3950 Do·

374 3985 464 4050 mino
480 3986 603 4050 sedulis
623 3990 774 4070 precibus
794 3988 1036 4052 commendetis.
1081 3988 1167 4051 Nam
1187 3988 1274 4073 quod
1290 3989 1331 4052 ad

375 4089 564 4171 temporalia
580 4099 614 4152 et
628 4089 775 4153 solatium
794 4089 949 4172 corporis,
964 4111 1031 4152 non
1053 4099 1119 4153 tam
1133 4091 1175 4154 ad
1190 4091 1331 4154 necessi·

374 4195 468 4250 tatem
496 4209 594 4271 quam
621 4189 664 4251 ad
690 4189 824 4253 delicias
850 4191 1095 4273 promissionem
1119 4191 1238 4255 Christi
1262 4212 1332 4254 esse

373 4289 570 4351 verissimam
587 4310 646 4370 ego
664 4298 696 4351 et
711 4291 865 4352 coexules
881 4290 1075 4373 experimur,
1091 4300 1126 4352 ut
1141 4291 1221 4352 nihil
1236 4290 1331 4353 nobis

376 4387 510 4453 defuerit
531 4391 749 4473 probabiliter,
765 4392 1022 4474 expetendorum
1043 4414 1101 4475 pro
1121 4404 1274 4474 tempore,
1290 4413 1332 4454 ex
