3384 5525
386 753 490 832 ll7l.]
760 769 937 818 nersrntm.
1277 759 1339 815 ‘25⁷

381 935 409 987 et
438 923 537 987 corda
576 935 746 989 scrutatur.
800 924 893 1000 Nam,
922 946 1024 1009 quum
1063 923 1147 987 beati
1185 924 1334 1007 martyris

378 1046 492 1109 corpus
513 1024 687 1109 sepulturae
710 1024 900 1089 tradendum
926 1037 1019 1101 esset,
1039 1037 1071 1090 et
1091 1024 1132 1088 de
1148 1046 1233 1087 more
1256 1046 1334 1109 pou-

377 1125 547 1191 tilicalibus
576 1125 777 1201 indueretur,
800 1125 887 1210 quod
910 1124 1082 1189 admodum
1105 1127 1199 1211 pauci
1217 1124 1332 1188 famili-

376 1251 444 1292 ares
466 1228 537 1314 ejus
556 1240 720 1306 noverant,
742 1228 909 1291 inventum
932 1241 979 1291 est
1001 1228 1103 1291 cilicio
1126 1226 1281 1313 pediculis
1300 1239 1332 1291 et

376 1329 539 1394 vermibus
562 1329 680 1393 referto
705 1328 899 1406 involutum,
922 1330 1056 1416 ipsaque
1077 1328 1239 1392 femoralia
1263 1330 1333 1414 ejus

375 1431 526 1495 interiora
538 1453 642 1516 usque
657 1430 697 1494 ad
714 1430 852 1515 poplites
863 1431 997 1508 cilicina,
1007 1429 1091 1515 quod
1107 1421 1331 1515 apud'nostra-

375 1543 421 1595 tes
442 1545 535 1597 antea
555 1534 660 1596 fuerat
683 1531 877 1607 inauditum,
898 1543 1024 1616 reperta
1048 1544 1131 1596 sunt.
1178 1532 1330 1594 Exterior

372 1647 499 1697 tantum
516 1633 646 1699 habitus
668 1633 792 1699 caeteris
814 1633 1084 1711 conformabatur,
1093 1635 1193 1716 'iuxta
1208 1635 1330 1717 sapien-

373 1734 413 1799 tis
436 1734 596 1801 edictum:
621 1735 764 1808 dicentis,
792 1736 895 1799 Frons
923 1747 979 1799 tua
1006 1734 1125 1821 populo
1151 1733 1328 1810 conveniat,

373 1837 460 1901 intus
476 1838 582 1901 omnia
597 1834 762 1902 dissimilia
777 1838 857 1918 siut„

416 1941 497 2017 Quis
519 1939 636 2005 referat
659 1963 740 2025 quos
760 1940 910 2025 gemitus,
934 1952 1071 2025 quantos
1094 1938 1326 2024 lachrymarum

372 2040 489 2103 imbres
505 2052 686 2104 sanctorum
699 2054 799 2104 caetus
814 2040 871 2126 qui
883 2039 1026 2116 aderant,
1039 2039 1070 2102 in
1084 2039 1272 2104 revelatione
1285 2041 1327 2103 sic

373 2142 572 2206 adumbratae
597 2141 758 2227 religionis
787 2143 951 2206 emiserit?
989 2143 1057 2205 Nec
1087 2155 1190 2207 tamen
1217 2142 1248 2204 in
1278 2141 1326 2204 bis

373 2244 521 2307 omnibus
536 2255 802 2329 persequutorum
819 2243 941 2329 quievit
957 2243 1058 2319 suror,
1070 2242 1243 2307 dicentium
1260 2265 1327 2307 cor-

371 2367 433 2430 pus
455 2345 629 2432 proditoris
650 2349 734 2409 inter
754 2357 879 2410 sanctos
903 2343 1072 2408 Pontifices
1095 2367 1156 2408 non
1180 2368 1246 2408 esse
1266 2344 1327 2407 bu·

372 2447 536 2519 mandam,
559 2447 613 2510 sed
634 2447 864 2532 projiciendum
887 2446 918 2508 in
940 2444 1090 2530 paludem
1106 2444 1260 2520 viliorem,
1277 2445 1326 2507 vel

371 2545 628 2631 suspendendum
651 2570 718 2611 esse
741 2546 896 2631 patibulo.
944 2543 1041 2608 Unde
1064 2547 1165 2609 sancti
1189 2544 1245 2607 viri
1268 2543 1326 2629 qui

370 2647 514 2725 aderant,
541 2647 604 2710 vim
632 2648 692 2712 sibi
725 2648 870 2712 timentes
900 2646 1021 2724 inferri,
1047 2670 1117 2711 eum
1143 2647 1175 2710 in
1202 2661 1328 2733 crypta,

370 2760 541 2836 antequam
564 2750 716 2815 satellites
738 2751 886 2816 Satbanae
902 2750 959 2836 qui
974 2749 1014 2814 ad
1031 2750 1194 2837 sacrilegia
1215 2773 1325 2835 perpe·

370 2853 485 2917 trabda
496 2853 658 2918 convocati
670 2855 796 2917 fuerant
809 2853 1023 2932 convenirent,
1032 2865 1105 2916 aute
1117 2852 1216 2917 altare
1226 2853 1325 2916 sancti

369 2953 504 3018 «loannis
526 2956 681 3041 Baptistae
695 2967 727 3020 et
743 2956 843 3019 sancti
861 2954 1036 3039 Augustini
1055 2953 1233 3040 Anglorum
1251 2977 1325 3039 apo-

369 3055 441 3121 stoli
457 3059 490 3122 in
512 3056 675 3143 sarcofago
697 3080 874 3121 marmoreo
897 3055 1105 3141 sepelierunt:
1131 3056 1185 3119 ubi
1201 3056 1240 3120 ad
1256 3057 1324 3141 glo·

368 3159 447 3223 riam
462 3162 690 3245 omnipotentis
703 3161 763 3222 Dei
780 3181 837 3244 per
853 3180 925 3220 eum
939 3157 1040 3220 multa
1055 3170 1085 3220 et
1103 3179 1217 3242 magua
1233 3159 1325 3222 mira-

368 3260 440 3323 cula
455 3260 535 3326 fiunt
548 3261 733 3325 catervatim
748 3258 983 3324 confluentibus
997 3257 1135 3344 populis,
1148 3271 1183 3323 ut
1196 3259 1323 3326 videant

367 3361 399 3424 in
415 3361 486 3425 aliis
500 3375 532 3426 et
548 3363 686 3426 sentiant
702 3361 733 3424 iu
751 3385 784 3425 se
802 3359 978 3447 potentiam
995 3373 1026 3424 et
1042 3360 1238 3425 clementiam
1254 3363 1323 3448 ejus

366 3464 423 3549 qui
440 3486 564 3551 semper
583 3464 614 3527 in
636 3464 751 3528 sanctis
774 3466 839 3528 suis
863 3462 1015 3528 mirabilis
1036 3476 1068 3528 et
1087 3464 1245 3549 gloriosus
1264 3481 1321 3529 est.

367 3567 451 3629 Nam
468 3577 499 3630 et
515 3566 548 3629 in
564 3565 632 3629 loco
647 3565 802 3651 passionis
813 3567 882 3651 ejus
897 3577 929 3629 et
945 3567 1000 3629 ubi
1017 3579 1090 3629 ante
1105 3568 1207 3652 majus
1222 3567 1324 3632 altare

365 3666 565 3751 pernoctavit
587 3666 780 3742 humandus,
806 3680 837 3731 et
863 3666 919 3729 ubi
942 3667 1068 3730 tandem
1093 3672 1239 3751 sepultus
1263 3683 1321 3744 est,

365 3765 534 3851 paralytici
561 3782 725 3844 curantur,
749 3770 824 3831 caeci
849 3767 969 3843 vident,
993 3767 1079 3831 surdi
1103 3768 1252 3844 audiunt,
1277 3768 1321 3833 lo·

365 3879 512 3953 quuntur
527 3869 620 3950 muti,
631 3868 735 3932 claudi
751 3869 926 3946 ambulant,
936 3867 1076 3931 evadunt
1092 3868 1319 3944 febricitantes,

362 3971 483 4054 arrepti
495 3993 514 4032 a
525 3970 684 4035 daemonio
697 3970 882 4046 liberantur,
895 3984 926 4035 et
939 3993 957 4033 a
970 3969 1064 4033 variis
1080 3971 1198 4037 morbis
1213 3995 1323 4035 sanan-

363 4084 418 4136 tur
433 4072 559 4156 aegroti,
575 4071 751 4159 blasphemi
768 4096 787 4135 a
802 4073 960 4136 daemonio
982 4073 1100 4157 arrepti
1121 4074 1321 4139 confundun-

363 4186 430 4250 tur,
449 4173 511 4237 Illo
533 4173 602 4237 haec
624 4188 656 4238 et
678 4175 781 4260 plura,
802 4197 876 4259 quae
898 4174 1015 4237 referre
1036 4196 1093 4259 per
1115 4174 1246 4257 longum
1263 4189 1322 4252 est,

362 4288 525 4360 operante,
549 4280 605 4361 qui
632 4277 718 4339 solus
744 4289 792 4340 est
822 4299 918 4360 super
945 4277 1051 4339 omnia
1078 4275 1262 4339 benedictus
1287 4276 1319 4337 in

364 4378 482 4457 secula,
495 4390 525 4441 et
543 4402 596 4443 eos
613 4377 776 4464 praeelegit
790 4400 856 4441 esse
868 4376 978 4462 gloriae
991 4400 1056 4441 suae
1068 4373 1227 4441 consortes
1243 4397 1323 4460 quos

404 4498 476 4542 von.
495 4499 531 4542 11.
849 4500 865 4542 s
