3384 5525
364 766 402 825 16
621 776 756 819 Joauurs
774 773 1053 818 saansnnarnusrs
1223 753 1272 834 [Δ.
1292 773 1323 818 n.

362 929 601 1015 praedicassent.
646 930 751 991 Nemo
767 927 851 991 enim
868 929 901 989 in
917 928 1026 1011 aliquo
1042 936 1255 1011 persequutus
1272 937 1324 989 est

363 1030 451 1116 quod
467 1043 533 1094 erat
544 1041 599 1094 aut
609 1030 775 1093 dicebatur
785 1031 912 1093 Helias:
936 1029 1167 1112 nemopunivit
1176 1030 1325 1113 aliquem

364 1133 440 1218 quia
454 1134 567 1196 Petrus
582 1142 666 1195 esset
681 1143 735 1194 aut
747 1132 882 1195 Paulus:
907 1142 939 1194 et
951 1133 972 1195 J
974 1131 1117 1193 ohannes
1135 1141 1221 1194 lutus
1237 1141 1327 1194 esset

364 1236 397 1297 in
415 1246 590 1317 conspectu
601 1232 753 1308 Herodis,
762 1234 824 1295 nisi
837 1233 969 1310 diceret,
979 1252 1045 1295 non
1057 1231 1128 1294 licet
1138 1233 1196 1295 tibi
1207 1232 1326 1294 habere

366 1352 499 1396 uxorem
514 1335 639 1413 fratria
664 1335 724 1395 tui.
762 1333 878 1395 Nullus
905 1334 991 1395 enim
1016 1334 1050 1395 in
1075 1343 1195 1396 tautam
1220 1333 1326 1396 erasit

367 1434 577 1517 tyrannidem,
590 1443 626 1498 ut
640 1446 783 1497 naturam
799 1446 1048 1517 persequeretur.
1088 1434 1151 1497 Sed
1167 1436 1324 1519 frequens

367 1548 426 1615 est,
441 1548 473 1602 et
489 1537 595 1599 multis
610 1538 755 1619 vulgatur
769 1537 939 1619 exemplis,
955 1538 1032 1620 quia
1140 1604 1143 1610 ,

646 1644 744 1696 verius
755 1643 843 1695 odium
856 1644 932 1714 parit.

370 1745 433 1818 Qui
454 1765 530 1823 ergo
553 1751 786 1826 persequuntur
807 1742 839 1803 in
864 1741 924 1804 hac
948 1762 1046 1804 causa
1061 1741 1326 1805 cantuariensem

370 1846 660 1928 archiepiscopum,
671 1865 738 1905 non
753 1842 815 1905 hoc
831 1854 1065 1927 persequuntur
1080 1844 1168 1928 quod
1180 1844 1328 1906 Thomas

371 1958 432 2023 est,
446 1944 532 2029 quod
552 1945 681 2007 natione
697 1930 948 2023 Lundoniensis,
963 1946 1097 2009 clericus
1119 1945 1328 2028 professione,

375 2047 475 2128 gradu
488 2045 646 2121 sacerdos
658 2046 830 2129 episcopus
841 2046 1011 2126 dignitate:
1029 2048 1086 2110 sed
1101 2046 1187 2131 quod
1200 2068 1329 2110 annun·

375 2143 1331 2229 ciatpopuloDeisceleraeorum,etutlegemDeiaudiantet

376 2248 529 2313 obediant
539 2247 701 2330 principes
711 2248 920 2311 Sodomorum
931 2260 963 2312 et
975 2252 1115 2333 populus
1127 2251 1329 2313 Gomorrhoe.

377 2350 1332 2437 Quidestcrgoquodpersequuntur?prosectoapostolorum

378 2452 507 2536 spiritus
522 2461 555 2514 et
574 2451 810 2534 prophetarum,
827 2452 957 2534 spiritus
975 2452 1110 2536 justitiae
1127 2463 1159 2514 et
1175 2452 1330 2528 veritatis,

379 2555 506 2638 spiritus
520 2554 619 2638 patris
634 2564 666 2617 et
680 2554 737 2615 filii
754 2565 785 2616 et
800 2555 1019 2618 indubitanter
1030 2555 1167 2638 Spiritus
1179 2553 1330 2617 Sanctus.

380 2659 466 2721 Nam
481 2655 514 2719 id
528 2657 762 2731 abominantur,
778 2658 949 2720 abhorrent
964 2666 995 2719 et
1009 2657 1156 2741 puniunt,
1168 2656 1256 2740 quod
1274 2678 1334 2739 per

379 2760 551 2844 prophetas
571 2769 604 2823 et
623 2759 783 2842 apostolos
800 2759 910 2823 docuit
932 2759 1069 2843 Spiritus
1089 2759 1238 2823 Sanctus.
1285 2759 1333 2822 Et

379 2863 406 2925 si
420 2862 489 2946 ipse
500 2860 617 2923 Paulus
630 2869 684 2922 aut
694 2860 715 2922 J
717 2881 836 2923 oannes
848 2861 935 2943 quod
950 2861 1076 2944 scripsit
1087 2860 1334 2943 praeseutialiter

380 2963 509 3027 doceret
522 2962 556 3025 in
572 2983 676 3035 came,
694 2972 748 3024 aut
763 2970 962 3045 torqueretur
980 2961 1157 3043 suppliciis,
1174 2971 1230 3022 aut
1244 2960 1335 3024 dice·

379 3075 464 3128 retur
478 3064 507 3126 ei
523 3063 564 3126 ad
585 3063 702 3140 minus,
721 3063 842 3125 Recede
857 3085 879 3124 a
894 3062 994 3134 trebir,
1010 3065 1181 3144 scientiam
1201 3063 1336 3124 viarum

381 3173 513 3226 tuarum
537 3164 695 3236 uolumus,
718 3163 797 3243 quin
820 3161 910 3223 nobis
931 3165 1117 3225 contrarius
1138 3183 1179 3225 er.
1225 3163 1337 3226 Semel

382 3265 534 3346 loquutus
550 3270 598 3323 est
614 3261 715 3336 Deus,
730 3269 762 3321 et
776 3260 809 3322 id
830 3262 935 3343 ipsum
958 3263 1100 3327 secundo
1118 3285 1182 3326 non
1198 3265 1336 3346 repetit:

381 3386 443 3427 nec
460 3361 500 3426 ad
515 3359 722 3425 eruditionem
734 3362 875 3425 vivorum
892 3366 1023 3428 suscitat
1037 3377 1188 3429 mortuos.
1226 3367 1337 3437 Quum

382 3466 417 3528 in
440 3463 591 3527 Ecclesia
613 3475 787 3546 praesentes
809 3465 873 3527 sint
895 3466 1027 3550 Moyses
1049 3479 1081 3530 et
1103 3467 1286 3552 Prophetae,
1302 3477 1339 3531 ut

384 3565 554 3629 audiantur
568 3573 598 3626 et
615 3563 752 3627 doceant
762 3567 932 3649 populum:
955 3579 986 3630 et
1003 3580 1038 3632 ut
1052 3590 1136 3651 pare,
1150 3590 1223 3652 qnae
1238 3571 1338 3631 verbo

386 3666 518 3730 Domini
533 3664 763 3730 condemnatur
777 3688 819 3730 ex
836 3670 995 3732 sententia
1018 3673 1133 3753 Moyse
1150 3682 1183 3733 et
1198 3671 1339 3753 prophe-

385 3780 499 3844 tarum,
519 3767 609 3831 alteri
625 3767 790 3830 victoriam
814 3769 917 3845 cedat,
933 3772 1111 3854 applicetur
1132 3772 1263 3856 Ephod,
1280 3773 1339 3836 nbi

386 3870 597 3933 manifestatio
620 3879 669 3932 est
692 3870 831 3933 veritatis
853 3883 884 3933 et
902 3872 1031 3956 judicii,
1054 3886 1085 3936 et
1108 3874 1341 3956 respondeatur

387 3972 561 4056 unicuique
577 3970 753 4034 secundum
776 3994 875 4054 opera
897 3995 963 4037 sua.
1008 3975 1155 4039 Formam
1170 3977 1255 4039 hanc
1272 3997 1341 4039 non

388 4073 529 4136 declinat
564 4073 805 4137 cantuariensis
833 4076 1092 4161 archiepiscopus
1121 4099 1228 4160 neque
1267 4079 1340 4141 sui:

388 4177 487 4239 immo
510 4185 623 4257 optant
642 4189 674 4238 et
696 4186 796 4253 orant,
812 4186 848 4238 ut
867 4177 907 4240 de
930 4181 1019 4242 vultu
1035 4180 1124 4242 verbi
1147 4179 1223 4258 Dei,
1238 4179 1274 4242 id
1295 4189 1345 4243 est

388 4278 469 4359 legis
491 4276 619 4353 dirinae,
628 4277 789 4361 judicium
812 4280 939 4343 illorum
962 4282 1106 4365 prodeat,
1122 4294 1154 4344 et
1169 4283 1256 4345 oculi
1273 4285 1343 4346 Do·

388 4378 468 4442 mini
482 4377 649 4442 declarent
661 4379 851 4461 aequitatem.
897 4381 930 4443 Si
947 4382 1024 4465 quid
1036 4382 1120 4445 euim
1136 4382 1239 4463 exigit
1254 4383 1347 4466 quod
