3384 5525
751 732 969 812 1162]
1516 752 1874 797 amsa-orus.
2570 743 2649 800 77

748 903 904 966 tium
932 927 948 966 τ
995 912 1080 979 et,
1112 903 1166 967 si
1198 904 1350 966 mihi
1382 925 1512 967 non
1544 904 1736 968 fuerit
1765 905 2056 969 exhibita
2087 905 2464 980 consolatio,
2496 907 2650 969 mihi

744 1013 951 1066 tamen
984 1006 1294 1087 reputabo
1339 1005 1701 1087 impensum
1745 1004 2058 1088 quicquid
2103 1005 2247 1067 aliis
2278 1006 2648 1089 proscriptis

747 1104 988 1168 Christi
1018 1126 1135 1188 per
1165 1126 1279 1167 vos
1308 1127 1546 1169 novero
1577 1127 1715 1170 esse
1745 1105 2130 1169 exhibitum.

822 1432 1266 1497 EPISTOLA
1312 1434 1835 1499 CCXXII.—-An
1862 1449 2169 1497 somnam
2202 1453 2577 1499 splscornu

1175 1552 1686 1599 moranensem.
1781 1533 1868 1617 [A.
1894 1553 1957 1596 n.
1993 1535 2214 1614 1167.]

980 1696 1260 1759 Domino
1286 1697 1540 1761 Joanni
1570 1697 1974 1760 Pictaviensi
2001 1696 2222 1778 Episc.
2250 1698 2319 1760 J.
2354 1698 2421 1759 S.

824 1835 1218 1896 REGNORUM
1277 1831 1648 1895 collisiones
1710 1842 1773 1894 et
1822 1843 2000 1894 terrae
2059 1842 2268 1894 motus
2318 1831 2533 1913 magni
2587 1842 2652 1895 et

732 1936 1199 1999 imminentium
1225 1935 1649 2018 periculorum
1675 1934 1891 1997 exitus
1911 1954 2014 1996 me
2045 1934 2358 1995 calamum
2383 1953 2651 2017 suspen-

739 2037 887 2100 dere
920 2037 1158 2100 diutius
1188 2047 1557 2117 coegerunt,
1579 2046 1643 2099 et
1674 2034 2110 2098 commodiora
2139 2033 2459 2097 scribendi
2491 2044 2645 2098 tem·

735 2160 890 2223 pora
920 2152 1284 2222 expectare.
1355 2139 1585 2202 Bellici
1616 2158 1897 2222 namque
1932 2138 2240 2200 tumultus
2270 2148 2488 2201 aestate
2520 2139 2649 2201 fere

736 2249 871 2303 tota
900 2241 1210 2303 ferventes
1230 2238 1653 2302 intermeandi
1684 2239 2047 2302 facultatem
2071 2238 2416 2301 litterarum
2448 2240 2646 2322 porti·

735 2340 982 2404 toribus
1026 2341 1500 2424 praecluserunt,
1530 2352 1597 2403 et
1626 2340 1694 2402 in
1726 2341 1884 2403 urbe
1914 2340 2221 2403 Remensi
2251 2349 2391 2403 orta
2419 2340 2647 2405 seditio

737 2442 828 2506 sic
868 2441 1141 2505 turbavit
1182 2441 1602 2525 provinciam,
1635 2452 1710 2504 ut
1751 2442 1864 2504 vix
1910 2449 2117 2505 tutum
2161 2440 2351 2503 suerit
2394 2440 2645 2523 ingredi

739 2545 840 2607 vel
870 2543 1085 2625 egredi
1122 2543 1463 2606 civitatem.
1554 2543 2088 2626 conspiraverant
2135 2543 2306 2604 enim
2347 2540 2522 2605 cives
2564 2542 2646 2605 de

740 2645 1119 2707 clericorum
1156 2643 1428 2705 consilio
1460 2654 1524 2705 et
1553 2642 1792 2706 auxilio
1822 2643 2093 2705 militum
2123 2643 2396 2706 nitentes
2426 2654 2651 2706 contra

738 2743 1319 2828 archiepiscopum,
1351 2745 1462 2827 qui
1506 2765 1706 2808 novas
1739 2742 2051 2828 quasdam
2095 2741 2417 2808 indebitas
2445 2753 2512 2808 et
2550 2745 2648 2808 in-

737 2845 1099 2908 tolerabiles
1159 2844 1495 2908 servitutes
1551 2845 1811 2907 volebat
1876 2845 2205 2927 imponere
2265 2843 2524 2918 civitati,
2585 2856 2649 2909 et

733 2946 1147 3010 ecclesiarum
1195 2955 1397 3010 turres
1441 2956 1507 3010 et
1550 2945 1777 3009 domos
1819 2945 2192 3007 munitiores
2237 2955 2650 3027 occupanteS,

734 3046 1124 3109 officialibus
1175 3054 1239 3108 et
1287 3047 1511 3110 amicis
1562 3045 2026 3130 archiepiscopi
2071 3043 2297 3128 ejectis
2339 3045 2422 3108 ab
2468 3047 2646 3121 urbe,

732 3152 967 3214 multas
1010 3150 1071 3212 ei
1117 3149 1382 3233 injurias
1426 3151 1795 3214 intulerunt.
1884 3151 1977 3212 Et
2019 3149 2227 3233 primo
2278 3146 2533 3231 quidem
2584 3149 2646 3213 ei

733 3274 991 3315 omnem
1042 3252 1472 3316 humilitatem
1522 3252 1970 3328 exhibuerant,
2017 3249 2221 3332 parati
2269 3249 2398 3313 duo
2446 3250 2648 3315 millia

730 3353 1057 3430 librarum,
1100 3352 1268 3416 sicut
1304 3352 1490 3416 multi
1534 3362 1865 3430 testantur,
1911 3350 2199 3416 conferre
2242 3351 2310 3414 in
2355 3351 2642 3415 aerarium

734 3454 897 3538 ejuS,
942 3453 1292 3518 dummodo
1340 3475 1452 3517 eos
1496 3454 1637 3540 jure
1682 3463 1983 3517 tractaret
2024 3463 2088 3516 et
2136 3453 2390 3534 legibus
2441 3453 2646 3517 vivere

732 3563 1078 3638 pateretur,
1108 3556 1340 3639 quibus
1384 3556 1611 3620 civitas
1652 3556 1961 3620 continue
1991 3576 2109 3618 usa
2148 3565 2247 3618 est
2277 3575 2315 3617 a
2357 3566 2643 3638 tempore

734 3656 939 3719 sancti
968 3656 1251 3739 Remigii
1298 3657 1679 3721 Francorum
1729 3656 2022 3740 apostoli.
2112 3655 2423 3719 Adierant
2452 3657 2645 3720 etiam

734 3757 1344 3822 christianissimum
1397 3779 1637 3841 regem,
1682 3758 1798 3823 sed
1845 3779 1966 3823 nec
2011 3780 2126 3842 per
2160 3780 2326 3833 eum,
2373 3759 2641 3840 rigorem

729 3859 1200 3943 archiepiscopi
1223 3861 1476 3924 flectere
1507 3870 1872 3944 potuerunt.
1959 3860 2400 3942 confugerunt
2427 3860 2642 3944 itaque

728 3960 811 4025 ad
842 3961 1143 4025 comitem
1187 3962 1566 4042 Henricum,
1596 3971 1661 4026 et
1697 3984 1783 4026 ex
1819 3963 1955 4047 ejus
1995 3965 2266 4028 consilio
2315 3976 2645 4029 cesserunt

727 4063 881 4145 regi,
929 4085 1117 4147 quem
1163 4064 1690 4148 archiepiscopus
1734 4064 2107 4140 adduxerat,
2154 4076 2225 4129 ut
2265 4066 2330 4128 in
2377 4063 2642 4129 brachio

728 4165 868 4250 ejus
922 4177 1276 4229 contereret
1326 4165 1673 4231 civitatem.
1765 4167 1914 4230 Rex
1961 4179 2170 4232 autem
2227 4166 2475 4242 dolens,
2527 4165 2641 4232 sed

728 4278 940 4331 tamen
982 4269 1191 4333 fratris
1232 4269 1625 4333 satisfaciens
1669 4269 2003 4348 voluntati,
2033 4270 2286 4335 circite’r
2330 4267 2643 4354 quinqua·

728 4367 911 4449 ginta
946 4368 1174 4432 domos
1219 4367 1383 4432 dirui
1425 4370 1593 4450 fecit,
1632 4380 1698 4434 et
1741 4371 2023 4435 recessit.
2113 4373 2307 4433 Cives
2347 4385 2499 4433 reru
2539 4365 2648 4429 die
