3384 5525
366 765 478 845 lisa]
758 784 933 828 srlsronu.
1253 777 1316 835 205

363 947 394 1000 et
410 936 466 998 ille
481 932 538 1020 qui
554 933 639 996 solus
654 934 685 997 in
702 946 799 999 tantae
809 933 1007 999 difficultatis
1022 936 1156 1000 articulo
1165 937 1315 1003 bonorem

364 1038 427 1101 Dei
443 1058 542 1099 ausus
558 1046 607 1097 est
624 1035 804 1120 protestari,
819 1036 967 1098 omnibus
984 1036 1016 1098 in
1038 1036 1174 1100 derisum
1192 1051 1223 1102 et
1244 1039 1317 1103 sibi·

363 1142 431 1203 lum
443 1138 605 1214 datusest‚
615 1151 647 1200 et
659 1141 751 1222 quasi
762 1137 803 1200 ab
811 1137 1147 1224 universisconsputus
1157 1140 1317 1206 abscessit.

363 1243 480 1305 Nonne
489 1240 530 1303 de
545 1251 661 1304 caetero
674 1238 797 1302 facilem
814 1251 940 1325 poterat
951 1239 1100 1326 iniquitas
1109 1254 1230 1306 armata
1245 1265 1319 1306 con-

364 1340 444 1405 siliis
468 1353 500 1404 et
525 1340 634 1402 favore
661 1362 786 1424 sperare
810 1339 1036 1423 triumphum?
1060 1340 1166 1404 Institi
1193 1355 1229 1407 ut
1244 1365 1318 1407 con·

365 1441 511 1505 suluistis
524 1441 612 1527 apud
623 1440 786 1504 dominum
801 1444 987 1504 Remensem
1005 1441 1142 1505 utsratri
1153 1444 1318 1508 Bernardo

364 1542 527 1622 scriberet,
544 1543 677 1606 sednon
693 1541 869 1628 adquievit,
889 1543 997 1606 dicens
1016 1541 1139 1607 litteras
1161 1567 1233 1609 suas
1255 1570 1318 1611 non

365 1645 563 1729 profuturas,
574 1644 651 1729 quia
662 1642 762 1707 credit
773 1665 846 1706 eum
859 1643 965 1705 favere
974 1644 1057 1728 parti
1070 1644 1219 1708 adversae.
1241 1647 1318 1710 Fre-

366 1768 469 1832 quens
483 1746 566 1810 enim
583 1759 642 1825 est,
657 1758 692 1809 ut
709 1746 766 1831 qui
781 1744 860 1807 nibil
884 1744 1000 1807 habere
1016 1743 1240 1829 praedicantur,
1262 1763 1317 1813 aut

365 1870 431 1910 rem
444 1861 500 1911 aut
512 1847 647 1932 gloriam
662 1846 833 1933 plurimum
846 1846 1079 1929 concupiscant.
1124 1852 1197 1912 Non
1214 1850 1318 1934 placet

364 1944 671 2014 dominusCantuar.
686 1947 942 2033 meautaliquem
952 1968 1082 2011 suorum
1095 1950 1244 2014 interesse
1255 1952 1320 2015 col·

366 2048 475 2135 loquio
486 2065 604 2136 praeter
616 2050 810 2136 Magistrum
824 2048 1043 2113 Lombardum
1058 2052 1211 2117 Romanae
1223 2053 1319 2117 eccle-

368 2151 423 2216 siae
441 2153 685 2229 subdiaconum,
707 2175 801 2236 quem
823 2152 988 2216 invenietis
1007 2153 1039 2215 in
1061 2153 1180 2216 familia
1200 2154 1319 2219 domini

367 2253 564 2321 Senonensis.
590 2256 654 2318 Vos
665 2268 771 2318 autem
787 2254 863 2319 illuc
874 2255 1028 2341 perducat
1041 2256 1200 2320 Dominus
1209 2256 1241 2320 in
1255 2260 1319 2344 spi·

365 2356 430 2420 ritu
446 2369 479 2420 et
505 2357 626 2421 virtute
639 2358 755 2436 Heliae,
777 2371 809 2420 et
828 2357 971 2441 gladium
995 2358 1129 2422 Phinees
1151 2382 1223 2423 curn
1251 2360 1320 2425 zelo

367 2481 462 2543 quem
486 2459 611 2524 habetis
632 2459 749 2542 dirigat
772 2474 803 2523 et
826 2460 953 2524 roboret
976 2461 1008 2523 in
1031 2462 1177 2525 manibus
1199 2466 1320 2530 vestris.

369 2560 436 2624 Nec
459 2560 597 2625 timeatis
618 2562 732 2625 asacie
753 2560 803 2624 vel
823 2561 1030 2625 multitudine
1051 2563 1226 2644 hominum,
1244 2566 1320 2651 quia

369 2661 478 2748 plures
506 2675 539 2727 et
567 2663 715 2727 fortiores
740 2663 904 2727 nobiscum
930 2677 1002 2729 sunt
1028 2688 1124 2751 quam
1151 2690 1223 2732 cum
1248 2668 1319 2733 illis.

369 2765 486 2830 Scribit
516 2768 682 2831 Remensis
710 2768 966 2854 archiepiscopus
994 2791 1054 2853 pro
1081 2791 1176 2833 causa
1204 2782 1312 2833 nostra

369 2868 499 2933 domino
527 2892 631 2955 papae,
660 2871 849 2957 praecipiens
881 2871 1002 2935 litteras
1039 2893 1113 2934 suas
1143 2871 1184 2934 ad
1215 2894 1320 2935 meum

370 2971 500 3034 formari
522 2971 711 3036 arbitrium:
734 2973 923 3057 promittens
947 2973 1041 3036 etiam
1071 2995 1103 3034 se
1129 2972 1322 3036 necessitati-

369 3073 432 3136 bus
443 3075 559 3138 nostris
574 3074 727 3159 quamdiu
741 3097 792 3139 res
807 3074 949 3158 exegerit
963 3077 1147 3137 affuturum.
1179 3073 1322 3138 Viriliter

369 3175 455 3260 agite
472 3198 592 3261 quaeso,
617 3176 812 3240 dilectissimi
835 3176 966 3248 domiui,
998 3189 1030 3240 et
1055 3176 1215 3240 dilationis
1240 3177 1322 3263 peri·

374 3278 483 3342 culum
506 3278 731 3364 exequutionis
755 3278 951 3342 officiositate
981 3289 1013 3341 ct
1043 3277 1210 3361 diligentia
1238 3302 1321 3343 com-

372 3391 512 3464 pensate,
540 3391 576 3442 ut
604 3402 661 3464 per
696 3401 752 3442 vos
781 3380 954 3444 innotescat
990 3380 1139 3466 quoniam
1171 3381 1323 3467 quicquid

373 3482 459 3547 ultra
483 3475 570 3566 quod
592 3482 721 3562 obtulit,
744 3505 763 3546 a
786 3485 936 3547 Cantuar.
962 3483 1114 3567 exigitur,
1144 3506 1206 3546 non
1230 3485 1324 3549 modo

373 3586 541 3670 potestatis
556 3594 770 3663 excessusest,
786 3585 840 3649 sed
854 3587 956 3671 plenae
971 3601 1002 3650 et
1013 3586 1117 3671 planae
1128 3585 1325 3653 infidelitatis

374 3687 538 3752 indicium.
584 3688 681 3751 Unde
704 3701 778 3752 sunt
801 3688 944 3773 quidam,
967 3702 1003 3752 ut
1027 3689 1124 3764 scitis,
1139 3688 1172 3751 in
1195 3711 1325 3754 excusa-

373 3790 492 3855 tionem
514 3790 635 3853 erronei
662 3790 781 3852 consilii
806 3803 964 3873 praetextu
991 3791 1167 3855 sanctitatis
1192 3804 1324 3857 vestrae:

375 3893 428 3956 sed
457 3915 541 3956 nunc
561 3904 668 3979 pateat
684 3915 722 3954 ex
744 3892 939 3976 professione
960 3891 1101 3955 veritatis
1124 3904 1154 3955 et
1180 3891 1326 3958 libertate

375 3995 519 4080 spiritus,
533 3994 621 4080 quod
633 4016 807 4078 numquam
824 3992 871 4055 illi
893 3993 1091 4056 consensistis
1106 3994 1214 4058 errori.
1259 3996 1328 4060 Ubi

376 4096 458 4160 enim
472 4095 604 4183 spiritus
620 4095 695 4172 Dei,
706 4094 751 4160 ibi
768 4095 898 4159 libertas
914 4111 976 4158 est:
994 4108 1025 4159 et
1042 4118 1098 4159 vos
1112 4095 1327 4180 proculdubio

374 4198 490 4264 veritas
515 4197 669 4262 liberabit.
724 4196 835 4262 Valeat
865 4219 987 4281 semper
1012 4209 1042 4260 et
1066 4210 1270 4282 prosperetur
1295 4198 1327 4260 in

376 4299 518 4364 Domino
540 4299 691 4364 sanctitas
705 4310 822 4374 vestra,
845 4297 943 4362 nostri
959 4320 1079 4360 memor
1097 4297 1219 4382 jugiter
1239 4298 1326 4380 apud

375 4402 493 4482 Deum,
509 4414 541 4465 et
556 4412 715 4486 quatenus
729 4400 889 4464 honestati
905 4399 1034 4485 expedit
1051 4397 1135 4481 apud
1153 4395 1304 4459 homines
