3384 5525
366 797 427 857 170
650 809 787 855 scansus
803 810 1081 856 maasssrueusrs
1225 794 1270 873 [a.
1287 814 1319 858 n.

364 972 519 1025 amatores
547 958 664 1044 Angeli
691 960 790 1024 sancti
822 973 854 1024 te
882 960 1058 1044 gaudentes
1087 961 1261 1046 excipient,
1287 974 1318 1025 et

362 1062 541 1128 diademate
561 1062 650 1147 regni
666 1074 850 1126 coronatum
874 1065 957 1126 inter
980 1061 1096 1125 electos
1118 1063 1317 1127 coronabunt

365 1164 395 1228 in
418 1164 633 1249 praeordinata
647 1163 845 1227 ordinatione
864 1163 1083 1242 beatitudiuis,
1099 1164 1156 1227 ubi
1174 1164 1320 1229 Christus

363 1277 411 1328 est
426 1263 466 1327 ad
489 1263 653 1327 dexteram
677 1263 739 1326 Dei
755 1263 876 1327 sedens.
922 1265 996 1347 Age
1019 1286 1107 1349 ergo,
1123 1263 1239 1327 dilecte
1262 1265 1317 1340 mi,

365 1366 499 1430 viriliter
521 1366 608 1450 quod
624 1364 761 1449 coepisti,
777 1364 896 1429 virtute
918 1364 1161 1449 perseverantiae
1183 1388 1320 1451 propera

365 1468 406 1532 ad
437 1467 636 1552 triumphum
666 1466 749 1531 felici
779 1466 966 1530 commercio
996 1489 1055 1551 pro
1088 1464 1319 1553 temporalibus
1354 1526 1357 1533 .

367 1582 475 1632 eterna
491 1590 645 1631 mercare:
678 1566 806 1631 divitias
821 1567 852 1629 in
868 1589 940 1630 eum
957 1568 1108 1662 promitte
1123 1567 1240 1646 locum,
1255 1591 1320 1653 quo

368 1693 479 1754 aerugo
503 1668 554 1732 vel
583 1669 668 1733 tinea
693 1691 755 1732 non
785 1668 950 1753 pertingit.
996 1669 1078 1731 Esto
1105 1669 1264 1750 benignus
1288 1684 1320 1732 et

369 1770 545 1834 misericors
559 1770 598 1833 ad
615 1792 736 1844 omnes,
749 1769 803 1832 sed
819 1768 956 1831 maxime
972 1768 1131 1832 beneficus
1142 1769 1182 1832 ad
1200 1769 1324 1832 domes-

369 1873 447 1936 ticos
462 1871 548 1949 fidei,
562 1872 603 1934 ad
619 1893 673 1934 eos
692 1871 747 1955 qui
763 1893 821 1954 pro
838 1870 967 1955 justitia
989 1872 1169 1955 patiuntur,
1186 1871 1242 1956 qui
1265 1893 1322 1934 sua

368 1994 427 2056 pro
447 1970 542 2033 verbo
566 1969 626 2032 Dei
648 1970 754 2034 omnia
777 1982 1046 2056 contempserunt,
1061 1974 1118 2055 qui
1140 1971 1321 2037 maluerunt

369 2096 428 2157 pro
443 2072 541 2136 verbo
557 2072 678 2136 Christi
701 2073 897 2159 paupertati,
911 2072 1070 2158 periculis,
1086 2074 1269 2156 ignominiae
1290 2085 1321 2138 et

369 2173 569 2261 improperiis
584 2173 784 2238 adulantium
805 2174 927 2237 mundo
943 2176 1167 2261 fortunamque
1190 2198 1321 2262 sequen·

370 2276 450 2340 tium
474 2275 601 2361 exponi,
624 2298 718 2361 quam
737 2275 770 2338 in
795 2274 927 2340 consilio
947 2275 1116 2361 impiorum
1139 2300 1271 2360 regnare
1291 2291 1322 2341 et

370 2378 478 2442 sedere
492 2401 565 2442 cum
579 2376 778 2464 principibus
789 2391 821 2442 et
832 2376 947 2441 florere
958 2400 1024 2463 prae
1035 2378 1210 2443 fortunatis
1221 2390 1324 2443 terrae.

371 2479 495 2558 Quibus
509 2492 613 2543 autern
631 2477 746 2543 teneris
761 2502 800 2542 ex
819 2479 909 2563 justa
924 2491 956 2543 et
972 2480 1070 2544 veteri
1091 2479 1256 2544 affectione
1271 2480 1320 2543 vel

370 2583 495 2657 merito,
512 2579 690 2665 benignius,
705 2579 848 2659 celerius,
864 2593 896 2644 et
916 2580 1111 2645 fructuosius
1133 2583 1325 2666 respondere

372 2706 410 2747 ne
436 2682 573 2763 differas,
594 2704 681 2745 more
707 2705 815 2745 eorum
842 2681 899 2769 qui
926 2695 962 2746 ut
987 2683 1149 2770 propriam
1174 2694 1324 2747 excusent

370 2783 547 2862 aventium,
562 2785 639 2849 dum
654 2785 861 2871 praetendunt
880 2784 1032 2850 malitiam
1057 2789 1220 2873 temporis,
1235 2785 1324 2850 duri-

369 2891 444 2956 tiam
472 2888 650 2977 potestatis,
674 2901 834 2952 auctorem
862 2901 1042 2974 temporum
1068 2902 1099 2954 et
1126 2901 1322 2973 potestatum

370 2992 585 3057 ordinatorem
607 2991 725 3069 Deum,
741 2989 794 3076 qui
811 3013 842 3053 se
858 2989 1064 3073 diligentibus
1087 2994 1193 3055 omnia
1214 3013 1327 3073 coope-

371 3107 461 3159 ratur
476 3093 508 3156 iu
524 3094 656 3171 bonurn,
669 3091 886 3157 criminantur.
918 3091 1104 3155 Memineris
1115 3091 1226 3178 potius
1237 3090 1323 3178 quod

715 3217 944 3269 ——uocuit
956 3216 1060 3270 differre
1072 3217 1184 3288 paratis:

442 3301 497 3363 Qui
507 3319 558 3355 non
570 3308 611 3354 est
620 3302 710 3366 hodie,
718 3319 779 3354 cres
790 3303 876 3354 minus
888 3307 962 3371 aptas
974 3303 1033 3355 erit.

373 3417 446 3478 Hoc
460 3411 492 3474 in
517 3411 719 3497 philosophia
740 3411 883 3477 nutritus
905 3424 937 3476 et
959 3413 990 3476 in
1015 3411 1085 3495 lege
1109 3414 1229 3480 Christi
1253 3437 1325 3502 pro-

372 3529 480 3580 vectus
496 3511 697 3578 meditaberis
712 3523 744 3577 et
758 3511 866 3579 facies.
912 3517 995 3579 Nam
1012 3514 1098 3580 solus

444 3639 568 3692 Rusticus
580 3642 702 3708 expectat
712 3637 774 3690 dum
786 3638 886 3692 defluat
898 3641 991 3704 omnis,
1003 3646 1031 3693 at
1043 3639 1089 3693 ille

444 3724 553 3777 Labitur
565 3730 593 3777 et
603 3723 705 3777 labetur
715 3725 743 3776 in
755 3742 831 3777 omne
843 3724 964 3778 volubilis
976 3743 1069 3779 aevum.

375 3840 414 3902 Iu
431 3858 485 3900 ore
506 3834 616 3901 latoris
636 3835 840 3922 praesentium
865 3849 980 3902 caetera
1000 3840 1105 3921 posita
1127 3849 1212 3917 sunt,
1227 3840 1279 3901 cui
1301 3836 1326 3900 si

373 3938 545 4004 credideris
559 3950 591 4000 et
611 3937 820 4023 acquieveris,
841 3938 929 4024 quod
946 3938 1024 4002 mihi
1047 3962 1104 4025 per
1120 3940 1227 4002 Adam
1244 3944 1327 4025 Apo·

375 4040 495 4105 stolicae
514 4039 717 4104 successionis
735 4041 932 4105 cohaeredem
951 4041 1147 4127 significasti,
1170 4040 1326 4105 maturius

374 4141 572 4229 adimplebis.
