3384 5525
377 796 436 855 102
652 808 789 854 somnus
805 804 1085 851 sunnsunnmnsls
1236 787 1280 867 [u.
1297 806 1328 851 n.

375 963 435 1026 tibi
451 961 592 1025 rideatur
606 983 677 1024 esse
693 970 803 1036 tutam,
815 960 842 1023 si
857 960 897 1023 iis
912 958 953 1022 ad
969 979 1052 1042 quos
1068 958 1214 1035 mitteris,
1226 969 1330 1022 osten·

377 1063 434 1127 das
448 1064 556 1127 literas
570 1064 680 1127 militis
695 1062 751 1125 tui.

375 1372 592 1437 EPISTOLA
616 1373 1069 1437 ccxxxve-msommn
1084 1386 1329 1433 rrcruvrnusnn

462 1492 648 1538 muscoron
673 1492 716 1537 or
740 1492 819 1537 nuo.
845 1490 1061 1537 mmouoou
1081 1488 1242 1536 emoneo.

736 1572 779 1658 [A.
794 1592 826 1636 u.
846 1572 956 1652 llum]

374 1730 524 1791 Dominis
545 1735 577 1790 et
599 1728 714 1789 amicis
735 1727 803 1787 suis
825 1724 990 1806 Perpetuo
1009 1732 1041 1786 et
1061 1723 1166 1788 Felici
1190 1724 1327 1789 cirillus

409 1830 547 1891 salutem
562 1836 593 1889 et
605 1847 721 1909 pacem
737 1846 835 1909 quom
851 1825 993 1887 mundus
1008 1823 1089 1887 dare
1104 1844 1165 1887 non
1178 1834 1298 1909 potest.

417 1955 545 2016 Vnsrru
561 1953 681 2015 similes
696 1951 873 2014 divinarum
890 1949 1037 2014 conscios
1053 1947 1214 2014 literarum
1229 1952 1324 2016 latere

372 2076 436 2118 non
452 2065 567 2136 potest,
583 2052 670 2137 quod
690 2063 829 2115 mentem
851 2051 947 2116 totius
968 2051 1120 2116 orationis
1142 2052 1326 2136 frequenter

375 2154 477 2239 aperit
490 2156 656 2217 nominum
673 2154 864 2235 significatio
879 2154 1065 2217 votivorum.
1109 2154 1326 2238 Perpetuitate

374 2256 467 2318 Felix
482 2264 515 2317 et
529 2254 681 2318 felicitate
696 2255 874 2337 Perpetuus
888 2253 1059 2335 gaudeant,
1073 2264 1106 2318 et
1120 2256 1163 2318 ob
1180 2259 1324 2321 consola·

373 2356 493 2419 tionem
508 2377 603 2439 quam
621 2355 739 2419 Christi
755 2356 950 2439 pauperibus
966 2355 1201 2440 impenderunt,
1215 2381 1325 2423 conso-

371 2460 453 2520 letur
474 2468 507 2520 et
526 2456 681 2538 glorificet
699 2478 755 2519 eos
780 2457 940 2520 Dominus
956 2457 992 2520 in
1014 2458 1147 2522 consilio
1165 2458 1323 2543 justorum

372 2572 405 2623 et
419 2560 674 2641 congregatione.
719 2560 764 2621 Et
785 2558 915 2642 quidem
936 2560 1116 2624 necessario
1131 2561 1235 2625 suerat
1249 2585 1324 2627 con·

373 2662 498 2735 solatio,
515 2662 541 2723 si
558 2673 663 2724 tamen
678 2682 786 2723 rerum
802 2672 851 2723 est
865 2660 951 2743 quod
974 2661 1117 2737 audistis,
1138 2663 1196 2727 sed
1219 2664 1325 2748 potius

370 2765 412 2826 ob
427 2785 556 2828 causam
572 2763 732 2846 publicam
748 2783 846 2846 quam
860 2760 1027 2846 privatam,
1042 2785 1118 2826 nem

472 2889 565 2941 Sidere
575 2889 634 2957 quis
645 2887 820 2955 mundumque
833 2884 897 2938 velit
908 2891 1025 2956 spectare
1038 2887 1177 2940 cedentem

475 2975 578 3046 Expers
589 2975 645 3045 ipse
657 2977 742 3025 metus
755 3007 762 3021 .
776 3009 782 3022 .
796 3007 803 3022 .
817 3008 824 3021 .

372 3108 488 3170 expers
504 3088 632 3162 doloris,
647 3107 766 3169 expers
781 3084 1008 3147 sollicitudinis
1023 3105 1087 3146 non
1104 3084 1191 3167 quod
1200 3086 1322 3170 justum

371 3188 427 3270 qui
454 3198 488 3248 ut
512 3188 564 3249 leo
591 3187 725 3250 confidit
753 3205 870 3269 perse
896 3184 1083 3248 contristere
1107 3185 1211 3249 valeat
1237 3188 1323 3270 quic·

371 3286 449 3369 quid
471 3285 633 3362 acciderit,
647 3287 705 3349 sed
727 3287 803 3370 quia
824 3287 980 3349 instinctu
1001 3272 1122 3349 naturae
1145 3297 1179 3350 et
1200 3287 1321 3351 virtutis

370 3395 502 3468 urgente
512 3386 641 3448 stimulo
651 3386 817 3468 proximus
827 3388 874 3451 sic
884 3386 1076 3468 compatitur
1086 3395 1118 3449 et
1130 3388 1322 3468 congaudet,

369 3497 405 3549 ut
418 3486 499 3548 nihil
514 3485 689 3547 humanum
704 3506 724 3547 a
738 3507 772 3548 se
787 3496 912 3568 reputet
926 3486 1074 3550 alienum.
1119 3483 1205 3559 Quis
1218 3488 1321 3572 inquit

370 3588 546 3650 infirmatur
560 3597 592 3649 et
607 3607 667 3665 ego
683 3607 748 3648 non
763 3585 927 3649 infirmor?
951 3586 1023 3670 quis
1040 3587 1277 3652 scandalizatur
1289 3601 1321 3652 et

369 3709 503 3770 egonon
514 3685 604 3749 uror?
629 3685 777 3749 Profecto
788 3688 908 3764 nullus,
918 3688 993 3771 quie
1004 3688 1108 3750 omnis
1118 3689 1255 3770 parturit
1265 3689 1320 3752 do·

369 3809 429 3850 nec
440 3787 588 3851 Christus
598 3788 782 3851 reformetur
792 3787 1051 3851 autformeturin
1059 3787 1134 3850 illis.
1151 3787 1246 3852 Certe
1257 3809 1320 3851 nou

367 3886 556 3951 crediderim
578 3886 664 3970 quod
686 3887 754 3949 sine
774 3886 886 3950 dolore
902 3886 1007 3949 videre
1027 3887 1129 3969 possit
1149 3888 1318 3952 ecclesium
1380 3876 1384 3881 ’

365 3989 398 4048 in
422 3989 528 4069 capite
550 3987 716 4062 vulnerari,
730 3999 889 4069 pastorem
909 3990 1034 4069 percuti
1057 3989 1180 4051 conteri
1200 4000 1235 4053 et
1256 3989 1319 4052 dis-

366 4090 456 4163 solvi,
472 4101 507 4150 ut
521 4088 741 4169 dispergantur
759 4101 792 4151 et
814 4102 947 4171 pereant
968 4110 1044 4151 oves
1066 4089 1201 4154 Christi.
1248 4092 1317 4155 Stu-

363 4190 475 4273 pidum
497 4200 546 4251 est
569 4200 623 4253 aut
647 4210 777 4271 prorsus
807 4189 847 4253 de
874 4210 1006 4272 corpore
1033 4189 1154 4253 Christi
1182 4213 1247 4255 non
1270 4203 1317 4254 eet

363 4295 541 4356 membrum
557 4291 643 4375 quod
659 4293 739 4353 tanti
755 4292 917 4371 languoris
938 4289 1113 4354 acerbitate
1128 4312 1195 4355 non
1213 4312 1313 4355 move·

360 4405 410 4458 tur
436 4394 476 4458 ud
506 4391 776 4476 compatiendum.
828 4392 1030 4476 Apatheiam‚
1055 4413 1152 4476 quam
1187 4393 1318 4457 Latinus
