3384 5525
369 788 429 846 108
651 799 787 844 sorusrs
804 798 1082 845 ssunsnnnrnusrs
1163 797 1167 802 ’
1227 786 1273 866 [a.
1289 806 1319 849 u.

366 954 531 1018 contineri.
579 952 645 1015 Hic
668 962 774 1015 autem
797 966 875 1037 puto
898 954 964 1035 regi
986 965 1019 1017 et
1040 955 1088 1018 illi
1109 977 1167 1039 pro
1188 978 1255 1039 quo
1274 956 1321 1019 in-

364 1055 509 1131 tercedit,
524 1056 619 1117 verba
635 1054 741 1136 potius
757 1076 828 1119 esse
844 1054 921 1117 data
937 1078 1032 1139 quam
1052 1058 1154 1132 vobis,
1171 1079 1272 1142 quum
1286 1060 1319 1121 in

365 1155 478 1220 litteris
500 1156 541 1219 ad
562 1177 619 1218 vos
644 1154 810 1219 destinatis
831 1170 905 1239 post
920 1160 1104 1235 consilium,
1120 1171 1195 1244 post
1209 1182 1319 1245 preces

366 1261 412 1322 rei
427 1280 550 1322 summa
558 1259 592 1320 in
609 1267 721 1321 vestra
733 1258 936 1323 discretionis
946 1261 1113 1325 arbitrium
1129 1263 1319 1326 conferatur.

366 1360 412 1423 Et
427 1381 526 1443 quum
539 1380 597 1442 pro
612 1358 788 1421 relaxando
804 1358 934 1423 domino
959 1358 1191 1425 saresberiensi
1214 1360 1318 1425 adhuc

367 1482 478 1544 preces
489 1461 579 1523 robis
589 1460 739 1543 porrigat,
749 1461 958 1543 perspicuum
967 1471 1017 1526 est
1028 1463 1117 1546 quod
1128 1463 1317 1526 sententiam

366 1563 576 1626 cardinalium
591 1571 647 1624 aut
664 1561 832 1642 ignoravit,
851 1571 907 1624 aut
930 1574 1029 1626 ratam
1051 1560 1235 1657 habendam
1250 1585 1318 1628 esse

365 1688 431 1730 non
462 1663 608 1730 credidit.
652 1664 697 1726 Et
719 1663 865 1746 quamvis
887 1662 1015 1726 credam
1038 1662 1126 1747 quod
1149 1664 1320 1747 episcopus

366 1780 440 1832 ante
450 1766 587 1830 reditum
596 1765 781 1827 nuntiorum
794 1786 924 1828 suorum
934 1765 984 1828 his
996 1764 1111 1828 litteris
1122 1786 1187 1827 non
1198 1773 1317 1828 utetur:

367 1872 417 1933 vel
435 1869 510 1952 quia
531 1867 601 1930 haec
616 1866 717 1930 forma
733 1867 854 1949 negotii
870 1868 937 1948 regi
953 1866 1156 1951 displicebit:
1180 1868 1231 1930 vel
1246 1868 1320 1952 quia

366 1968 584 2035 archidiaconi
608 1969 742 2031 consilio
761 1971 888 2053 plenius
915 1970 1075 2034 desiderat
1097 1969 1273 2048 informari,
1292 1969 1317 2033 si

367 2083 473 2135 tamen
496 2070 543 2132 eis
565 2090 642 2132 usus
663 2070 768 2145 suerit,
791 2071 888 2134 credo
911 2070 1139 2148 indubitanter,
1161 2070 1250 2155 quod
1264 2091 1319 2135 ros

368 2171 579 2256 expectabilis
612 2170 748 2234 reditum
783 2174 965 2237 nuntiorum
997 2185 1183 2248 vestrorum,
1213 2185 1247 2236 et
1277 2172 1317 2235 ab

366 2274 457 2357 ipsis,
479 2282 639 2335 annuente
669 2270 821 2349 Domino,
844 2272 982 2337 audietis
1007 2272 1086 2356 quid
1108 2273 1241 2357 possitis
1265 2281 1318 2336 aut

367 2373 446 2461 quid
468 2373 626 2458 expediat.
673 2373 831 2437 Caeterum
855 2376 957 2437 nostis
973 2396 1023 2438 me
1039 2373 1162 2437 domini
1177 2374 1318 2438 Sarisbe·

365 2476 480 2540 riensis
509 2497 578 2539 esso
602 2496 622 2538 a
650 2477 752 2539 multo
778 2487 920 2559 tempore
947 2476 1143 2540 debitorem:
1169 2487 1202 2539 et
1227 2474 1318 2539 Deus

366 2577 456 2640 novit
477 2585 631 2660 quantum
653 2575 827 2638 infortunio
858 2574 927 2658 ejus
956 2575 1151 2658 compatiar:
1183 2571 1318 2658 ideoque

367 2676 454 2764 quod
478 2696 603 2760 semper
624 2675 697 2752 feci,
718 2685 751 2737 et
765 2689 895 2740 auctore
919 2675 1060 2739 Domino
1084 2676 1225 2740 facturus
1239 2696 1319 2749 sum,

365 2781 455 2845 omni
485 2778 655 2842 devotione
678 2779 839 2861 supplico,
863 2790 896 2842 ut
918 2779 1029 2861 ipsius,
1052 2790 1205 2863 quantum
1236 2780 1320 2842 salva

365 2882 532 2946 honestate
555 2878 701 2942 ecclesio:
724 2888 755 2941 et
775 2888 888 2956 vestra,
912 2879 1064 2962 poteritis,
1085 2878 1318 2943 misereamini:

366 3005 427 3048 nec
442 3006 462 3047 a
476 3006 527 3047 me
550 3003 702 3065 unquam,
724 2980 809 3043 aliud
833 2968 1001 3044 consilium
1023 2979 1169 3044 audietis.
1214 2981 1320 3054 Quum

365 3085 413 3147 illi
442 3085 591 3148 redierint
617 3083 671 3166 qui
697 3082 773 3144 hinc
800 3081 877 3144 inde
906 3081 1044 3143 Romam
1075 3081 1210 3164 profecti
1236 3090 1320 3157 sunt,

366 3184 496 3247 confido
512 3183 599 3267 quod
622 3205 719 3248 causa
741 3192 848 3246 nostra
868 3182 996 3267 plenius
1012 3184 1184 3261 elucescet,
1198 3191 1232 3246 et
1246 3183 1316 3245 Deo

367 3284 558 3365 propitiante
572 3284 794 3348 reformabitur
802 3284 836 3346 in
852 3292 967 3346 statum
980 3283 1155 3348 meliorem.
1199 3283 1317 3348 Precor

365 3394 472 3448 autem
502 3394 536 3447 ut
564 3405 659 3467 quam
689 3384 752 3447 cito
781 3384 944 3459 redierint,
972 3384 1051 3448 mihi
1081 3405 1140 3467 per
1168 3405 1224 3449 ros
1246 3404 1315 3469 quae

369 3484 535 3549 referenda
550 3484 721 3559 attulerint,
737 3485 947 3550 innotescant.

435 3757 654 3821 EPISTOLA
678 3758 1022 3844 CCXXXWIL—an
1045 3777 1246 3824 uaorsrunu

527 3875 703 3922 armanum
722 3877 878 3922 anonim.
927 3858 971 3938 [A.
985 3878 1018 3922 n.
1037 3858 1145 3938 llos]

553 4039 643 4104 Idem
658 4045 819 4125 Mapiatro
835 4045 975 4109 Girardo
989 4045 1129 4109 Pucelle.

409 4178 538 4252 Domo,
567 4177 716 4258 magister
741 4178 915 4254 carissime,
946 4192 978 4243 et
1006 4179 1181 4262 plurimum
1210 4177 1315 4254 doleo,

364 4277 451 4364 quod
468 4276 665 4340 severitatem
681 4289 815 4342 vestram
831 4279 981 4344 adversus
994 4280 1160 4344 domiuum
1176 4279 1314 4345 Cantua·

363 4383 509 4452 densam,
526 4389 561 4440 ut
576 4399 615 4441 ex
632 4380 730 4443 animi
746 4381 903 4444 sententia
919 4383 1041 4465 loquar,
1058 4383 1131 4464 plus
1145 4380 1238 4464 justo
1252 4391 1314 4445 tur·
