3384 5525
373 769 433 828 188
629 782 765 826 romnus
781 781 1062 825 salrusnunmnsm
1223 770 1266 842 [a.
1286 785 1318 826 o.

364 945 495 1009 sertum,
512 943 567 996 aut
582 931 845 995 transcendissem
863 942 986 994 montes
1005 932 1178 997 Samariae:
1202 941 1321 1017 etpost

367 1036 574 1122 Babyloniam
610 1034 826 1119 captivitatem
863 1034 930 1097 sine
964 1056 1060 1097 causa
1091 1033 1243 1098 redissem
1282 1035 1322 1097 ad

363 1139 493 1203 domum
522 1138 674 1202 Domini:
708 1160 771 1201 non
795 1136 882 1200 illam
907 1137 979 1200 dico
1003 1137 1219 1200 manufactam
1247 1159 1321 1223 quae

362 1242 520 1306 hircorum
545 1254 578 1305 et
600 1240 770 1306 vitulomm
798 1241 953 1324 sanguine
980 1239 1107 1325 expiata
1132 1239 1320 1326 purgatione

363 1344 526 1411 umbratili
541 1343 789 1429 irreparabiliter
800 1344 905 1408 excisa
917 1357 950 1408 et
961 1366 1071 1407 eversa
1085 1355 1134 1409 est
1144 1342 1321 1407 ministerio

366 1450 598 1514 Romanorum:
612 1446 667 1511 sed
677 1446 765 1510 illam
777 1446 810 1509 in
823 1469 919 1533 quam
933 1447 1093 1532 apostolus
1102 1446 1318 1522 introducens,

363 1566 397 1617 et
407 1563 520 1637 potans
528 1572 581 1613 me
593 1562 729 1636 quatuor
741 1548 927 1613 fluminibus
938 1549 1073 1635 paradisi
1087 1550 1181 1614 docet
1191 1570 1320 1613 omnem

365 1653 477 1717 mundi
503 1651 733 1738 supellectilem
759 1663 795 1716 ut
819 1663 956 1716 stercora
982 1652 1264 1732 contemnendam,
1287 1663 1323 1715 ut

363 1756 465 1820 solum
481 1754 513 1817 in
530 1776 595 1841 quo
616 1777 727 1819 omnes
750 1754 890 1818 thesauri
912 1755 1133 1840 expetibilium
1149 1766 1224 1820 sunt
1240 1754 1320 1818 lucri

364 1857 478 1921 faciam
510 1855 683 1922 Christum.
736 1856 777 1920 Et
803 1858 935 1944 quidem
962 1871 998 1922 ut
1021 1858 1062 1921 ad
1089 1870 1159 1923 tuos
1184 1856 1322 1942 gentiles

363 1970 532 2035 transeam,
555 1979 618 2020 non
646 1957 741 2022 modo
766 1959 876 2035 Stoici,
899 1959 954 2023 sed
977 1959 1073 2024 etiam
1103 1959 1265 2045 Epicurei,
1288 1972 1322 2022 et

364 2059 507 2124 omnium
532 2059 821 2145 philosophantium
850 2074 946 2125 sectae
977 2084 1082 2126 rerum
1107 2061 1321 2126 mundialium

365 2174 583 2247 contemptum
600 2162 791 2248 praedicant:
816 2177 850 2227 et
865 2163 890 2227 si
906 2164 952 2228 eis
968 2163 1122 2228 utendum
1139 2186 1197 2248 pro
1212 2186 1323 2228 neces·

363 2265 455 2329 sitate
471 2262 660 2327 conditionis
675 2273 706 2328 et
722 2263 874 2349 temporis
894 2264 1101 2348 probabiliter
1116 2264 1321 2341 arbitrentur,

364 2369 389 2433 si
412 2366 589 2431 contristari
616 2366 656 2429 de
683 2365 925 2440 dormientibus,
950 2388 1060 2431 eornm
1082 2368 1251 2432 dumtaxat
1273 2379 1321 2431 est

364 2468 420 2555 qni
435 2490 523 2553 spem
541 2488 603 2530 non
617 2466 746 2545 habent,
760 2489 866 2530 nonne
882 2467 1067 2552 probrosum
1078 2480 1126 2532 est
1139 2468 1321 2534 Christiano

364 2568 540 2656 praesertim
571 2568 794 2654 philosophum
833 2569 996 2653 profitenti
1026 2592 1122 2655 super
1151 2571 1321 2635 amissione

363 2670 587 2757 temporalium
611 2670 790 2735 macerari?
829 2671 902 2735 Non
927 2684 976 2736 est
1002 2685 1110 2737 tamen
1135 2676 1187 2754 (nt
1210 2673 1320 2759 insipi-

364 2775 486 2840 entium
503 2773 606 2837 verbis
622 2785 703 2849 utar,
719 2774 937 2838 accusantium
954 2775 1112 2840 fortunam
1137 2789 1193 2841 aut
1209 2778 1321 2841 defen·

364 2878 520 2954 dentium,
537 2875 623 2963 quod
645 2876 674 2940 ei
697 2876 833 2940 debeam
851 2876 1029 2963 imputare:
1053 2881 1128 2979 quia
1150 2879 1196 2944 sic
1219 2893 1322 2946 teme-

363 2978 448 3044 ritati
457 2977 702 3063 malignantium
713 2977 745 3040 in
758 2978 821 3040 mei
834 2978 1049 3044 consolatione
1062 2982 1197 3045 occurrit
1207 2983 1320 3066 gratia,

365 3093 401 3146 ut
415 3105 472 3168 per
487 3082 737 3147 misericordiam
760 3081 823 3146 Dei
839 3081 1045 3168 antiquorum
1060 3084 1224 3149 beneficiis
1241 3086 1321 3149 ami-

364 3206 471 3248 corum
497 3186 536 3267 (si
558 3185 638 3250 forte
654 3185 799 3249 veniatur
820 3185 861 3248 ad
885 3184 1055 3268 calculum)
1078 3186 1148 3271 plus
1167 3187 1319 3251 collatum

364 3283 443 3346 mihi
464 3284 564 3347 videri
581 3285 698 3348 debeat
720 3307 817 3371 quam
840 3285 1003 3351 ablatum:
1029 3287 1084 3350 sed
1104 3299 1138 3351 et
1157 3287 1228 3351 haec
1254 3288 1322 3373 ipsa

363 3384 502 3471 procella
512 3386 580 3469 jam
598 3386 670 3449 Deo
685 3388 876 3472 propitiante
893 3388 1070 3455 detumuit:
1093 3400 1126 3452 et
1140 3411 1202 3473 pax
1217 3389 1321 3454 eccle-

363 3487 419 3552 siae
445 3487 571 3551 videtur
596 3497 698 3551 astare
724 3489 935 3574 proforibus.
987 3491 1041 3555 Tu
1066 3490 1195 3556 interim
1225 3515 1318 3579 pasce

363 3612 437 3656 oves
446 3600 566 3655 nostras
578 3613 641 3655 non
653 3591 756 3675 juxta,
767 3593 823 3657 sed
836 3593 920 3660 intra
930 3594 1136 3660 tabernacula
1147 3607 1319 3681 pastorum.

366 3691 489 3756 Valete.

363 3933 586 3997 EPISTOLA
609 3935 895 4001 centurn-no
912 3958 1084 4002 montrum
1100 3958 1260 4004 vtcacou.
1281 3959 1321 4003 on

547 4079 558 4098 ..
636 4057 783 4100 nssnxm.
818 4041 1032 4121 [a.o.1168.]

549 4186 633 4248 Idem
650 4183 777 4247 Nicolao
797 4186 826 4248 V
824 4190 967 4250 icecomiti
980 4190 1123 4254 Emerita.

407 4310 561 4372 Connus
588 4326 606 4367 a
631 4303 788 4368 societatis
813 4305 1055 4391 participatione
1086 4306 1150 4370 dici
1176 4307 1320 4394 quisquis

363 4406 496 4488 ignorat,
512 4402 641 4487 ignarus
656 4414 704 4467 est
719 4402 896 4469 litterarum
913 4426 991 4491 quas
1008 4405 1148 4470 liberalis
1164 4406 1321 4470 institutio
