3384 5525
373 753 415 812 78
648 761 782 808 rosusrs
799 760 1078 806 sanusnunrnusrs
1236 742 1284 823 [a.
1301 759 1332 803 n.

375 920 467 983 tertia
489 918 661 994 redierunt,
683 927 716 980 et
737 916 771 977 in
793 912 950 978 ultionem
977 914 1154 978 dirutamm
1178 912 1333 976 domnum

375 1021 517 1084 funditus
536 1028 713 1083 everterunt
736 1017 851 1080 domos
873 1017 1010 1079 militum
1030 1015 1205 1079 faventium
1227 1013 1332 1078 archi-

374 1122 538 1204 episcopo,
561 1118 771 1183 vicedomini
797 1117 924 1180 scilicet
948 1116 1009 1191 sui,
1025 1128 1058 1179 et
1075 1115 1205 1179 alterius
1228 1116 1331 1198 quiin

376 1224 453 1286 urbe
474 1233 615 1304 gesserat
635 1221 866 1304 praefecturam.
913 1216 1009 1281 Unde
1032 1226 1137 1281 motus
1158 1216 1332 1299 archiepis-

374 1346 476 1407 copus
491 1323 618 1388 c'omitis
634 1321 792 1385 Flandriae
814 1319 996 1402 imploravit
1010 1319 1177 1396 auxilium,
1192 1339 1330 1401 eumque

375 1448 448 1491 cum
464 1426 550 1488 mille
566 1424 721 1487 militibus
736 1421 875 1485 adduxit
889 1421 1022 1496 Remos,
1037 1431 1072 1483 ut
1087 1420 1174 1483 cives
1188 1419 1330 1502 perirent

372 1528 408 1591 in
418 1549 471 1591 ore
482 1524 592 1607 gladii,
605 1535 661 1590 aut
672 1523 851 1587 redimendi
868 1534 900 1587 et
912 1523 1083 1607 torquendi
1098 1520 1331 1605 conjicerentur

372 1628 407 1691 in
423 1628 560 1691 vincula.
602 1626 666 1690 Sed
682 1625 730 1689 illi
746 1625 988 1708 praesentientes
1004 1623 1177 1689 adrentum
1193 1623 1327 1701 comitis,

372 1730 484 1793 iterato
513 1737 687 1805 cesserunt,
720 1727 766 1790 sic
797 1739 992 1790 evacuantes
1020 1728 1133 1790 urbem
1163 1734 1200 1789 ut
1232 1726 1326 1788 Flan·
1356 1793 1358 1797 μ

373 1830 516 1908 drenses,
546 1829 656 1894 inedia
684 1829 833 1905 conlecti,
860 1828 916 1891 rix
945 1828 1042 1893 unius
1072 1828 1137 1892 dici
1166 1834 1199 1891 et
1224 1826 1327 1890 noctis

372 1953 491 1995 moram
515 1930 675 2013 potuerint
695 1930 861 1993 sustinere.
908 1930 954 1993 Et
969 1930 1046 2014 quia
1066 1929 1328 2013 archiepiscopus

371 2032 544 2094 inaccessa
561 2050 671 2092 eorum
683 2029 769 2092 cives
782 2028 823 2092 ad
834 2030 963 2113 propria
977 2030 1136 2095 redituros
1153 2051 1220 2093 non
1235 2029 1327 2093 dnbi-

371 2134 471 2210 tabat,
490 2154 546 2216 per
569 2132 719 2194 comitem
739 2131 917 2194 Robertum
938 2134 1065 2196 fratrem
1088 2155 1192 2211 suum,
1207 2132 1327 2215 ignaris

373 2233 634 2316 Flandrensibus‚
657 2254 731 2296 cum
758 2233 805 2295 eis
830 2254 942 2315 pacem
967 2234 1054 2312 fecit,
1079 2235 1224 2317 acceptis
1250 2256 1327 2319 qua·

372 2334 549 2416 dringentis
570 2334 804 2416 quinquaginta
828 2334 917 2397 libris
941 2335 974 2397 in
999 2336 1326 2417 recompensationem

372 2434 577 2499 damnorum:
611 2456 695 2519 quae,
717 2445 752 2499 ut
778 2436 973 2518 multiplices
996 2436 1128 2520 injurias
1154 2450 1188 2500 et
1215 2446 1326 2499 contu·

373 2537 484 2600 melias
494 2547 630 2614 taceam,
642 2537 673 2599 in
685 2535 902 2620 quadruplum
917 2547 1133 2615 excreverant,
1145 2537 1326 2602 concedens

371 2649 407 2703 ut
429 2638 471 2702 de
496 2648 611 2703 caetero
632 2639 758 2720 legibus
783 2647 913 2701 utantur
938 2638 1089 2722 antiquis.
1133 2637 1188 2702 Sic
1215 2639 1324 2724 itaqua

372 2741 559 2806 damnosam
592 2751 623 2804 et
654 2739 901 2821 ignominiosam
935 2761 1008 2804 cum
1042 2739 1169 2811 civibus
1206 2741 1324 2808 taciens

371 2865 494 2926 pacem,
507 2843 612 2907 adbuc
629 2863 702 2906 curn
715 2844 800 2907 clero
816 2854 945 2906 exercet
959 2842 1155 2933 inimicitias,
1167 2854 1199 2908 et
1214 2865 1248 2908 se
1257 2844 1324 2929 juri

369 2946 537 3010 offerentes
553 2956 648 3008 vexat
662 2944 825 3007 ecclesias.
866 2945 948 3008 Haec
965 2943 1049 3027 apud
1067 2965 1133 3009 nos

413 3045 574 3110 Ceterum
590 3044 629 3107 ad
646 3056 753 3128 partes
765 3054 884 3108 vestras
899 3045 1083 3128 accepimus
1098 3046 1223 3110 venisse
1237 3048 1322 3128 lega·

370 3155 430 3222 tos,
445 3146 485 3209 de
501 3148 618 3230 quibus
633 3146 740 3210 adhuc
759 3148 915 3209 incertum
931 3158 981 3211 est
1002 3148 1080 3231 quid
1095 3149 1190 3212 nobis
1205 3149 1324 3232 sperari

370 3255 526 3328 oporteat,
541 3245 619 3328 quid
635 3245 748 3308 timeri.
781 3248 855 3310 Hoc
872 3258 978 3310 autern
994 3248 1171 3312 certissime
1186 3259 1323 3327 constat,

369 3344 456 3430 quod
478 3345 627 3409 dominus
651 3342 893 3412 cantuariensis
914 3347 1074 3432 judicium
1089 3348 1259 3414 cardinalis
1279 3348 1321 3414 ad

368 3448 498 3511 vincula
511 3467 575 3509 non
592 3447 696 3509 subire
712 3447 880 3531 disposuit,
893 3449 1002 3513 multis
1018 3449 1168 3534 (utputo)
1184 3461 1217 3514 et
1224 3450 1323 3536 justis

368 3549 605 3633 suspicionibus
620 3559 734 3627 motus,
747 3551 824 3633 quia
839 3553 1026 3615 manifestus
1041 3550 1239 3616 adversarius
1253 3552 1322 3636 ejus

367 3649 525 3714 hactenus
541 3649 679 3714 exstitit:
706 3649 763 3714 sed
779 3673 820 3714 an
835 3651 991 3736 expediat
1004 3651 1086 3716 adeo
1102 3651 1323 3718 manifestaret

366 3751 561 3834 suspicionis
581 3773 694 3816 causas
708 3774 884 3835 exponere,
897 3775 965 3816 non
987 3754 1064 3817 satis
1079 3754 1190 3838 liquet.
1235 3755 1320 3821 Nam

368 3852 627 3937 archiepiscopus
653 3853 700 3930 (ut
724 3855 836 3930 audio)
863 3856 891 3918 ei
913 3855 982 3939 jam
1009 3856 1182 3940 rescripsit,
1208 3866 1324 3921 contro·

366 3975 471 4017 meum
488 3965 520 4017 et
535 3955 742 4037 quorumdam
762 3958 894 4020 aliorum
911 3957 1058 4032 consilia,
1074 3957 1164 4040 quod
1182 3978 1217 4021 se
1231 3958 1319 4022 iltius

358 4056 485 4140 judicio
500 4078 566 4119 non
583 4069 750 4140 supponet,
760 4080 821 4122 neo
837 4069 962 4123 tenetur
978 4067 1170 4144 supponere,
1180 4069 1215 4125 et
1229 4061 1319 4144 plura

364 4158 524 4239 congessit
538 4158 654 4241 quibus
666 4159 806 4222 animum
819 4161 960 4225 hominis
972 4183 1180 4245 exasperasse
1193 4170 1315 4246 potest:

361 4281 461 4344 quum
481 4281 541 4342 ego
561 4259 668 4343 potius
690 4281 764 4323 eum
787 4262 949 4326 crederem
972 4264 1077 4327 verbis
1095 4263 1316 4328 blandioribus

362 4359 618 4438 demulcendum,
630 4372 663 4425 et
673 4363 876 4426 retinendum
889 4366 922 4427 in
933 4365 1084 4443 amicitia,
1094 4365 1196 4430 donec
1209 4365 1316 4448 ipsum
