3384 5525
361 776 424 836 270
633 787 769 834 JOANMS
787 786 1066 833 snaassnaiarsrs
1222 771 1267 851 [n.
1286 793 1316 837 n.

367 940 412 1005 Et
433 939 535 1027 plane,
552 940 633 1004 sicut
650 939 779 1003 solemni
797 940 982 1025 juramento
998 940 1125 1026 majoris
1140 952 1172 1005 et
1187 932 1337 1006 sanioris

364 1041 466 1127 partis
489 1054 664 1106 conventus
689 1040 842 1120 constitit,
866 1039 1091 1127 intelligentes,
1118 1042 1204 1128 quod
1233 1066 1316 1129 saepe

363 1142 469 1209 dictus
479 1142 598 1208 electus
613 1143 645 1206 in
661 1143 806 1207 fraudem
823 1142 964 1207 mandati
980 1143 1087 1225 vestri,
1098 1157 1130 1210 et
1144 1145 1316 1231 perniciem

364 1245 558 1322 monasterii,
573 1244 742 1330 asportatis
764 1243 957 1308 ornamentis
971 1256 1003 1307 et
1019 1243 1108 1308 libris
1129 1257 1162 1310 et
1184 1248 1318 1332 pecunia

365 1369 426 1411 non
458 1346 591 1421 modica,
615 1346 821 1432 praeelegerat
846 1346 970 1431 fugam,
997 1347 1145 1412 aditurus
1174 1372 1214 1413 ex
1244 1372 1315 1435 pro-

365 1449 469 1536 posito
494 1449 633 1535 aliquam
658 1462 848 1535 potestatem
870 1471 965 1534 quam
990 1452 1062 1513 Deo
1084 1463 1115 1514 et
1136 1450 1317 1536 apostolicae

366 1553 434 1619 sedi
467 1565 574 1640 posset
609 1575 782 1639 opponere,
813 1564 905 1618 tanto
941 1551 1115 1617 studiosius
1150 1553 1315 1619 veritatem

366 1655 549 1720 studuimus
586 1655 756 1740 inquirere,
787 1671 909 1740 quanto
945 1652 1036 1718 nobis
1071 1676 1111 1718 ex
1146 1658 1316 1719 assertione

366 1758 508 1843 plurium
538 1757 655 1823 certius
682 1757 825 1821 constitit
861 1758 967 1842 ipsum
1002 1768 1171 1842 antequam
1203 1756 1314 1841 fugam

364 1861 458 1927 iniret
481 1861 600 1925 dixisse
622 1860 730 1924 multis
752 1860 957 1924 audientibus
977 1882 1009 1923 se
1031 1860 1191 1924 abbatiam
1215 1882 1234 1921 a
1256 1862 1317 1923 Ro·

365 1985 460 2027 mano
479 1962 627 2048 pontifice
647 1985 708 2025 non
728 1962 857 2038 habere,
873 1961 927 2025 sed
949 1983 1057 2025 ruram
1079 1983 1264 2045 paucarum,
1278 1961 1317 2025 de

364 2065 482 2151 quihus
504 2088 566 2129 non
590 2065 722 2130 curabat
745 2068 933 2142 animarum,
955 2085 1167 2149 securumque
1187 2086 1253 2127 esse
1276 2063 1316 2129 de

364 2167 593 2252 temporalibus
633 2167 736 2242 bonis,
776 2166 854 2252 quia
894 2166 922 2229 ei
963 2169 1128 2230 Romanus
1168 2165 1313 2252 pontifex

364 2269 486 2354 praedia
511 2270 636 2333 auferre
666 2292 728 2332 non
758 2281 895 2354 poterat,
920 2292 993 2354 quae
1018 2268 1059 2332 ab
1084 2268 1148 2332 alio
1177 2268 1316 2354 posside·

291 2449 294 2457 Ι
363 2368 429 2435 bat.
484 2371 670 2435 Invenimus
692 2392 768 2452 ergo
790 2382 911 2433 tantam
935 2368 1195 2455 dilapidationem
1218 2369 1317 2432 bono-

363 2493 446 2549 rnm,
470 2485 507 2536 ut
529 2472 569 2536 de
595 2472 793 2558 reparatione
820 2472 922 2557 possit
948 2484 1057 2535 nostra
1086 2483 1118 2536 et
1148 2470 1315 2536 conniven-

363 2572 444 2639 tium
470 2586 546 2639 aetas
576 2574 688 2639 merito
717 2573 895 2660 desperare.
956 2571 1107 2637 Ecclesiae
1134 2571 1256 2659 lapsum
1283 2586 1315 2637 et

363 2675 601 2752 desolationem,
613 2677 784 2741 claustrum
801 2688 833 2741 et
849 2674 988 2739 officinas
1002 2675 1159 2739 imbribus
1171 2688 1203 2740 et
1215 2677 1318 2742 ventis

363 2777 502 2865 pervias,
522 2792 553 2841 et
577 2777 700 2842 ruinam
725 2779 947 2856 aedificiorum,
964 2776 1012 2840 his
1035 2777 1091 2863 qui
1114 2800 1151 2841 ea
1174 2777 1318 2844 viderant

363 2878 516 2965 inspicere
531 2878 679 2943 miserum
692 2892 749 2943 est.
788 2879 913 2943 Audire
925 2878 1118 2943 calamitates
1133 2877 1317 2944 colonorum

364 2980 515 3059 ecclesiae,
531 3005 610 3068 quas
624 2982 715 3047 electi
732 2982 828 3056 illius,
841 2994 897 3046 aut
912 2980 1020 3067 potius
1035 3003 1053 3044 a
1068 2983 1139 3044 Deo
1154 2982 1315 3068 reprobati

363 3081 500 3148 hominis
515 3086 777 3172 concupiscentia,
789 3097 820 3149 et
836 3085 993 3170 rapacitas
1007 3083 1094 3159 iecit,
1110 3083 1170 3170 piis
1186 3085 1317 3149 auribus

364 3197 412 3248 est
428 3198 631 3253 tormentum.
661 3188 879 3252 Alienationes
895 3185 1087 3269 praediorum
1105 3184 1316 3265 multassent,

363 3305 517 3363 enormes,
536 3302 569 3353 et
591 3311 629 3351 eo
651 3289 756 3353 minus
778 3287 957 3353 tolerabiles
979 3286 1066 3374 quod
1089 3287 1316 3372 patrimonium

364 3383 485 3450 Christi
506 3388 648 3472 patronis
668 3390 879 3454 immunditiae
894 3404 926 3454 et
942 3389 1197 3455 conciliatoribus
1217 3394 1317 3476 turpi-

364 3484 484 3550 tudinis
507 3509 574 3551 suae
597 3500 742 3573 repertus
763 3505 811 3554 est
835 3491 1007 3556 foedissimo
1037 3491 1225 3555 commercio
1251 3491 1315 3556 dis-

363 3585 506 3655 traxisse.
537 3589 684 3673 Sigillum
701 3590 839 3655 ecclesiae
855 3591 1009 3656 fratribus
1024 3591 1167 3672 abstulit,
1181 3605 1218 3656 ut
1235 3592 1315 3657 male

364 3686 465 3753 iactas
476 3687 678 3756 alienationes
688 3691 787 3775 possit
799 3714 858 3778 pro
870 3692 962 3758 libitu
976 3693 1133 3758 roborare.
1166 3693 1316 3770 Pecunia,

365 3810 461 3874 super
477 3812 541 3874 qua
554 3791 680 3855 nomine
699 3792 838 3856 ecclesie
861 3794 884 3856 J
888 3793 987 3857 udoeis
1010 3806 1041 3857 et
1058 3793 1247 3858 Christianis
1262 3793 1318 3858 fae-
1346 3845 1351 3855 .

364 3893 563 3957 neratorihus
585 3894 679 3974 cavit,
694 3895 727 3958 in
750 3894 932 3959 immensam
956 3908 987 3960 et
1010 3916 1142 3980 prorsus
1165 3894 1316 3979 importa-

364 3991 459 4056 bilem
481 3995 683 4069 monasterio,
703 3995 842 4060 excrevit
865 3996 1088 4082 quantitatem.
1140 3995 1317 4060 seditiosus

363 4104 422 4172 est,
445 4106 483 4158 ut
511 4107 714 4172 conventum,
744 4098 822 4180 quia
850 4096 1007 4160 bonorum
1037 4117 1111 4180 quae
1140 4096 1317 4161 distrahere

364 4195 554 4263 moliebatur
574 4211 685 4261 auctor
707 4220 775 4261 esse
801 4197 917 4273 renuit,
941 4195 1081 4277 militari,
1103 4198 1190 4283 quod
1220 4199 1318 4283 vulgo

365 4300 680 4380 notumest,cinxerit
689 4298 901 4376 obsidione,et
911 4297 1176 4363 conficereinedia
1184 4311 1318 4364 conatus

366 4398 415 4464 sit.
453 4400 551 4466 Periit
574 4400 773 4486 hospitalitas
788 4402 820 4465 in
836 4399 948 4465 diebus
967 4399 1046 4484 ejus,
1064 4422 1137 4483 quae
1152 4398 1316 4484 quondam
