<?xml version="1.0" encoding="UTF-8"?>
<!DOCTYPE html PUBLIC "-//W3C//DTD XHTML 1.0 Transitional//EN"
    "http://www.w3.org/TR/xhtml1/DTD/xhtml1-transitional.dtd">
<html xmlns="http://www.w3.org/1999/xhtml" xml:lang="en" lang="en">
 <head>
  <title>
</title>
<meta http-equiv="Content-Type" content="text/html;charset=utf-8" />
  <meta name='ocr-system' content='tesseract 3.04.00' />
  <meta name='ocr-capabilities' content='ocr_page ocr_carea ocr_par ocr_line ocrx_word'/>
</head>
<body>
  <div class='ocr_page' id='page_1' title='image "./joannissaresber05johngoog_0162.png"; bbox 0 0 3384 5525; ppageno 0'>
   <div class='ocr_carea' id='block_1_1' title="bbox 488 773 1444 853">
    <p class='ocr_par' dir='ltr' id='par_1_1' title="bbox 488 773 1444 853">
     <span class='ocr_line' id='line_1_1' title="bbox 488 773 1444 853; baseline -0.003 -12"><span class='ocrx_word' id='word_1_1' title='bbox 488 783 547 841; x_wconf 80' lang='grc'><strong>144</strong></span> <span class='ocrx_word' id='word_1_2' title='bbox 744 794 882 838; x_wconf 71' lang='lat' dir='ltr'><strong>ioannis</strong></span> <span class='ocrx_word' id='word_1_3' title='bbox 898 792 1180 839; x_wconf 73' lang='lat' dir='ltr'><strong>saansauamusrs</strong></span> <span class='ocrx_word' id='word_1_4' title='bbox 1349 773 1394 853; x_wconf 81' lang='lat' dir='ltr'><strong>[A.</strong></span> <span class='ocrx_word' id='word_1_5' title='bbox 1414 795 1444 838; x_wconf 87' lang='lat' dir='ltr'><strong>n.</strong></span> 
     </span>
    </p>
   </div>
   <div class='ocr_carea' id='block_1_2' title="bbox 477 942 1511 4504">
    <p class='ocr_par' dir='ltr' id='par_1_2' title="bbox 477 942 1511 4504">
     <span class='ocr_line' id='line_1_2' title="bbox 488 942 1442 1031; baseline -0.001 -22"><span class='ocrx_word' id='word_1_6' title='bbox 488 945 661 1023; x_wconf 86' lang='lat' dir='ltr'><strong>Flandriae,</strong></span> <span class='ocrx_word' id='word_1_7' title='bbox 676 945 765 1031; x_wconf 91' lang='lat' dir='ltr'><strong>quod</strong></span> <span class='ocrx_word' id='word_1_8' title='bbox 781 959 812 1010; x_wconf 94' lang='lat' dir='ltr'><strong>et</strong></span> <span class='ocrx_word' id='word_1_9' title='bbox 828 946 935 1031; x_wconf 87' lang='lat' dir='ltr'><strong>ipsum</strong></span> <span class='ocrx_word' id='word_1_10' title='bbox 951 944 1111 1021; x_wconf 89' lang='lat' dir='ltr'><strong>comitem,</strong></span> <span class='ocrx_word' id='word_1_11' title='bbox 1122 957 1155 1008; x_wconf 92' lang='lat' dir='ltr'><strong>et</strong></span> <span class='ocrx_word' id='word_1_12' title='bbox 1170 942 1259 1022; x_wconf 88' lang='lat' dir='ltr'><strong>alios,</strong></span> <span class='ocrx_word' id='word_1_13' title='bbox 1274 945 1334 1031; x_wconf 87' lang='lat' dir='ltr'><strong>qui</strong></span> <span class='ocrx_word' id='word_1_14' title='bbox 1349 946 1442 1010; x_wconf 91' lang='lat' dir='ltr'><strong>inter-</strong></span> 
     </span>
     <span class='ocr_line' id='line_1_3' title="bbox 486 1045 1442 1134; baseline -0.002 -21"><span class='ocrx_word' id='word_1_15' title='bbox 486 1062 642 1114; x_wconf 83' lang='lat' dir='ltr'>cesserant</span> <span class='ocrx_word' id='word_1_16' title='bbox 667 1071 708 1112; x_wconf 83' lang='lat' dir='ltr'><strong>ex</strong></span> <span class='ocrx_word' id='word_1_17' title='bbox 739 1061 830 1134; x_wconf 91' lang='lat' dir='ltr'><strong>parte</strong></span> <span class='ocrx_word' id='word_1_18' title='bbox 857 1070 926 1124; x_wconf 93' lang='lat' dir='ltr'><strong>sua,</strong></span> <span class='ocrx_word' id='word_1_19' title='bbox 954 1046 1142 1111; x_wconf 89' lang='lat' dir='ltr'><strong>liberaverat</strong></span> <span class='ocrx_word' id='word_1_20' title='bbox 1173 1045 1214 1109; x_wconf 92' lang='lat' dir='ltr'><strong>ab</strong></span> <span class='ocrx_word' id='word_1_21' title='bbox 1239 1046 1442 1132; x_wconf 84' lang='lat' dir='ltr'>obligatione.</span> 
     </span>
     <span class='ocr_line' id='line_1_4' title="bbox 486 1148 1444 1235; baseline -0.001 -21"><span class='ocrx_word' id='word_1_22' title='bbox 486 1150 603 1218; x_wconf 92' lang='lat' dir='ltr'><strong>Nuncii</strong></span> <span class='ocrx_word' id='word_1_23' title='bbox 627 1173 703 1213; x_wconf 88' lang='lat' dir='ltr'><strong>vero</strong></span> <span class='ocrx_word' id='word_1_24' title='bbox 726 1151 809 1235; x_wconf 82' lang='lat' dir='ltr'><strong>regis</strong></span> <span class='ocrx_word' id='word_1_25' title='bbox 835 1149 960 1235; x_wconf 85' lang='lat' dir='ltr'><strong>Angliae</strong></span> <span class='ocrx_word' id='word_1_26' title='bbox 987 1172 1026 1213; x_wconf 88' lang='lat' dir='ltr'><strong>ex</strong></span> <span class='ocrx_word' id='word_1_27' title='bbox 1052 1148 1186 1213; x_wconf 86' lang='lat' dir='ltr'><strong>adverso</strong></span> <span class='ocrx_word' id='word_1_28' title='bbox 1212 1149 1444 1234; x_wconf 89' lang='lat' dir='ltr'><strong>responderunt</strong></span> 
     </span>
     <span class='ocr_line' id='line_1_5' title="bbox 485 1251 1443 1340; baseline -0.004 -21"><span class='ocrx_word' id='word_1_29' title='bbox 485 1278 592 1340; x_wconf 89' lang='lat' dir='ltr'><strong>regem</strong></span> <span class='ocrx_word' id='word_1_30' title='bbox 622 1277 717 1319; x_wconf 91' lang='lat' dir='ltr'><strong>suum</strong></span> <span class='ocrx_word' id='word_1_31' title='bbox 742 1268 945 1320; x_wconf 89' lang='lat' dir='ltr'><strong>ostensurum</strong></span> <span class='ocrx_word' id='word_1_32' title='bbox 976 1254 1008 1316; x_wconf 93' lang='lat' dir='ltr'><strong>in</strong></span> <span class='ocrx_word' id='word_1_33' title='bbox 1039 1252 1127 1318; x_wconf 88' lang='lat' dir='ltr'><strong>curia</strong></span> <span class='ocrx_word' id='word_1_34' title='bbox 1157 1251 1369 1337; x_wconf 86' lang='lat' dir='ltr'><strong>imperatoris,</strong></span> <span class='ocrx_word' id='word_1_35' title='bbox 1395 1251 1443 1315; x_wconf 89' lang='lat' dir='ltr'><strong>vel</strong></span> 
     </span>
     <span class='ocr_line' id='line_1_6' title="bbox 486 1353 1442 1443; baseline -0.004 -22"><span class='ocrx_word' id='word_1_36' title='bbox 486 1380 609 1443; x_wconf 82' lang='lat' dir='ltr'><strong>regum,</strong></span> <span class='ocrx_word' id='word_1_37' title='bbox 628 1357 843 1433; x_wconf 87' lang='lat' dir='ltr'><strong>Navariensis,</strong></span> <span class='ocrx_word' id='word_1_38' title='bbox 858 1370 915 1420; x_wconf 90' lang='lat' dir='ltr'><strong>aut</strong></span> <span class='ocrx_word' id='word_1_39' title='bbox 936 1353 1154 1439; x_wconf 85' lang='lat' dir='ltr'><strong>Aragoneusis</strong></span> <span class='ocrx_word' id='word_1_40' title='bbox 1176 1353 1308 1430; x_wconf 87' lang='lat' dir='ltr'><strong>scilicet,</strong></span> <span class='ocrx_word' id='word_1_41' title='bbox 1326 1353 1442 1438; x_wconf 91' lang='lat' dir='ltr'><strong>quibus</strong></span> 
     </span>
     <span class='ocr_line' id='line_1_7' title="bbox 485 1455 1441 1543; baseline -0.004 -19"><span class='ocrx_word' id='word_1_42' title='bbox 485 1460 566 1524; x_wconf 89' lang='lat' dir='ltr'><strong>filias</strong></span> <span class='ocrx_word' id='word_1_43' title='bbox 581 1483 654 1524; x_wconf 90' lang='lat' dir='ltr'><strong>suas</strong></span> <span class='ocrx_word' id='word_1_44' title='bbox 668 1458 744 1522; x_wconf 89' lang='lat' dir='ltr'><strong>dare</strong></span> <span class='ocrx_word' id='word_1_45' title='bbox 763 1457 916 1543; x_wconf 85' lang='lat' dir='ltr'>disponit,</span> <span class='ocrx_word' id='word_1_46' title='bbox 932 1456 1021 1543; x_wconf 94' lang='lat' dir='ltr'><strong>quod</strong></span> <span class='ocrx_word' id='word_1_47' title='bbox 1041 1458 1110 1542; x_wconf 90' lang='lat' dir='ltr'><strong>ipse</strong></span> <span class='ocrx_word' id='word_1_48' title='bbox 1130 1455 1225 1520; x_wconf 87' lang='lat' dir='ltr'><strong>fidem</strong></span> <span class='ocrx_word' id='word_1_49' title='bbox 1250 1468 1441 1533; x_wconf 82' lang='lat' dir='ltr'><strong>servaverat,</strong></span> 
     </span>
     <span class='ocr_line' id='line_1_8' title="bbox 484 1554 1440 1633; baseline -0.006 -9"><span class='ocrx_word' id='word_1_50' title='bbox 484 1578 517 1624; x_wconf 91' lang='lat' dir='ltr'><strong>et</strong></span> <span class='ocrx_word' id='word_1_51' title='bbox 532 1582 636 1623; x_wconf 89' lang='lat' dir='ltr'><strong>comes</strong></span> <span class='ocrx_word' id='word_1_52' title='bbox 652 1556 824 1633; x_wconf 88' lang='lat' dir='ltr'><strong>Flandriae‚</strong></span> <span class='ocrx_word' id='word_1_53' title='bbox 835 1570 868 1621; x_wconf 92' lang='lat' dir='ltr'><strong>et</strong></span> <span class='ocrx_word' id='word_1_54' title='bbox 883 1557 936 1620; x_wconf 92' lang='lat' dir='ltr'><strong>alii</strong></span> <span class='ocrx_word' id='word_1_55' title='bbox 952 1556 1172 1621; x_wconf 83' lang='lat' dir='ltr'><strong>intercessores</strong></span> <span class='ocrx_word' id='word_1_56' title='bbox 1185 1555 1331 1621; x_wconf 86' lang='lat' dir='ltr'><strong>Franciae</strong></span> <span class='ocrx_word' id='word_1_57' title='bbox 1348 1554 1440 1619; x_wconf 85' lang='lat' dir='ltr'><strong>fidem</strong></span> 
     </span>
     <span class='ocr_line' id='line_1_9' title="bbox 484 1656 1441 1745; baseline -0.003 -21"><span class='ocrx_word' id='word_1_58' title='bbox 484 1659 642 1738; x_wconf 71' lang='lat' dir='ltr'><strong>laeserant,</strong></span> <span class='ocrx_word' id='word_1_59' title='bbox 658 1673 688 1725; x_wconf 91' lang='lat' dir='ltr'><strong>et</strong></span> <span class='ocrx_word' id='word_1_60' title='bbox 705 1659 827 1724; x_wconf 87' lang='lat' dir='ltr'><strong>iuterim</strong></span> <span class='ocrx_word' id='word_1_61' title='bbox 845 1660 1037 1745; x_wconf 82' lang='lat' dir='ltr'>petebantur</span> <span class='ocrx_word' id='word_1_62' title='bbox 1052 1657 1202 1738; x_wconf 77' lang='lat' dir='ltr'><strong>inducite,</strong></span> <span class='ocrx_word' id='word_1_63' title='bbox 1216 1656 1273 1720; x_wconf 90' lang='lat' dir='ltr'><strong>sed</strong></span> <span class='ocrx_word' id='word_1_64' title='bbox 1289 1679 1353 1719; x_wconf 92' lang='lat' dir='ltr'><strong>uou</strong></span> <span class='ocrx_word' id='word_1_65' title='bbox 1369 1670 1441 1722; x_wconf 91' lang='lat' dir='ltr'><strong>suut</strong></span> 
     </span>
     <span class='ocr_line' id='line_1_10' title="bbox 486 1758 1441 1846; baseline -0.008 -16"><span class='ocrx_word' id='word_1_66' title='bbox 486 1762 640 1830; x_wconf 86' lang='lat' dir='ltr'><strong>exauditi.</strong></span> <span class='ocrx_word' id='word_1_67' title='bbox 692 1762 743 1826; x_wconf 88' lang='lat' dir='ltr'><strong>Sic</strong></span> <span class='ocrx_word' id='word_1_68' title='bbox 769 1775 876 1826; x_wconf 88' lang='lat' dir='ltr'><strong>autem</strong></span> <span class='ocrx_word' id='word_1_69' title='bbox 903 1761 942 1825; x_wconf 88' lang='lat' dir='ltr'><strong>ad</strong></span> <span class='ocrx_word' id='word_1_70' title='bbox 971 1761 1100 1846; x_wconf 90' lang='lat' dir='ltr'><strong>propria</strong></span> <span class='ocrx_word' id='word_1_71' title='bbox 1126 1758 1244 1844; x_wconf 78' lang='lat' dir='ltr'><strong>singuli</strong></span> <span class='ocrx_word' id='word_1_72' title='bbox 1268 1759 1441 1824; x_wconf 87' lang='lat' dir='ltr'><strong>redierunt.</strong></span> 
     </span>
     <span class='ocr_line' id='line_1_11' title="bbox 487 1861 1442 1949; baseline -0.003 -19"><span class='ocrx_word' id='word_1_73' title='bbox 487 1867 575 1931; x_wconf 88' lang='lat' dir='ltr'><strong>Huic</strong></span> <span class='ocrx_word' id='word_1_74' title='bbox 595 1865 756 1949; x_wconf 91' lang='lat' dir='ltr'><strong>colloquio</strong></span> <span class='ocrx_word' id='word_1_75' title='bbox 778 1864 993 1929; x_wconf 82' lang='lat' dir='ltr'><strong>interfuerunt</strong></span> <span class='ocrx_word' id='word_1_76' title='bbox 1017 1863 1177 1940; x_wconf 89' lang='lat' dir='ltr'><strong>Britones,</strong></span> <span class='ocrx_word' id='word_1_77' title='bbox 1197 1875 1229 1927; x_wconf 89' lang='lat' dir='ltr'><strong>et</strong></span> <span class='ocrx_word' id='word_1_78' title='bbox 1254 1861 1391 1941; x_wconf 83' lang='lat' dir='ltr'><strong>Pictavi,</strong></span> <span class='ocrx_word' id='word_1_79' title='bbox 1412 1878 1442 1927; x_wconf 88' lang='lat' dir='ltr'><strong>et</strong></span> 
     </span>
     <span class='ocr_line' id='line_1_12' title="bbox 486 1964 1441 2053; baseline -0.003 -22"><span class='ocrx_word' id='word_1_80' title='bbox 486 1967 591 2033; x_wconf 89' lang='lat' dir='ltr'><strong>nuncii</strong></span> <span class='ocrx_word' id='word_1_81' title='bbox 608 1968 691 2053; x_wconf 85' lang='lat' dir='ltr'><strong>regis</strong></span> <span class='ocrx_word' id='word_1_82' title='bbox 708 1967 834 2044; x_wconf 88' lang='lat' dir='ltr'><strong>Scotiae,</strong></span> <span class='ocrx_word' id='word_1_83' title='bbox 848 1981 879 2031; x_wconf 90' lang='lat' dir='ltr'><strong>et</strong></span> <span class='ocrx_word' id='word_1_84' title='bbox 893 1988 1005 2052; x_wconf 78' lang='lat' dir='ltr'><strong>regum</strong></span> <span class='ocrx_word' id='word_1_85' title='bbox 1018 1964 1155 2043; x_wconf 83' lang='lat' dir='ltr'><strong>Walliae,</strong></span> <span class='ocrx_word' id='word_1_86' title='bbox 1165 1964 1232 2049; x_wconf 86' lang='lat' dir='ltr'><strong>regi</strong></span> <span class='ocrx_word' id='word_1_87' title='bbox 1244 1964 1441 2028; x_wconf 83' lang='lat' dir='ltr'><strong>Francorum</strong></span> 
     </span>
     <span class='ocr_line' id='line_1_13' title="bbox 485 2067 1440 2157; baseline -0.004 -22"><span class='ocrx_word' id='word_1_88' title='bbox 485 2070 641 2135; x_wconf 87' lang='lat' dir='ltr'><strong>auxilium</strong></span> <span class='ocrx_word' id='word_1_89' title='bbox 657 2069 893 2157; x_wconf 80' lang='lat' dir='ltr'><strong>promittentes,</strong></span> <span class='ocrx_word' id='word_1_90' title='bbox 909 2083 940 2134; x_wconf 87' lang='lat' dir='ltr'><strong>et</strong></span> <span class='ocrx_word' id='word_1_91' title='bbox 956 2067 1082 2134; x_wconf 90' lang='lat' dir='ltr'><strong>obsides</strong></span> <span class='ocrx_word' id='word_1_92' title='bbox 1096 2067 1277 2144; x_wconf 84' lang='lat' dir='ltr'><strong>offerentes,</strong></span> <span class='ocrx_word' id='word_1_93' title='bbox 1294 2080 1327 2132; x_wconf 89' lang='lat' dir='ltr'><strong>et</strong></span> <span class='ocrx_word' id='word_1_94' title='bbox 1342 2090 1440 2131; x_wconf 89' lang='lat' dir='ltr'><strong>reces-</strong></span> 
     </span>
     <span class='ocr_line' id='line_1_14' title="bbox 486 2169 1345 2256; baseline -0.002 -19"><span class='ocrx_word' id='word_1_95' title='bbox 486 2185 596 2238; x_wconf 86' lang='lat' dir='ltr'><strong>serunt</strong></span> <span class='ocrx_word' id='word_1_96' title='bbox 611 2171 757 2256; x_wconf 86' lang='lat' dir='ltr'><strong>obligati,</strong></span> <span class='ocrx_word' id='word_1_97' title='bbox 773 2169 920 2235; x_wconf 89' lang='lat' dir='ltr'><strong>similiter</strong></span> <span class='ocrx_word' id='word_1_98' title='bbox 935 2184 967 2235; x_wconf 90' lang='lat' dir='ltr'><strong>et</strong></span> <span class='ocrx_word' id='word_1_99' title='bbox 982 2191 1127 2254; x_wconf 85' lang='lat' dir='ltr'><strong>proceres</strong></span> <span class='ocrx_word' id='word_1_100' title='bbox 1143 2170 1345 2235; x_wconf 88' lang='lat' dir='ltr'><strong>Guasconiae.</strong></span> 
     </span>
     <span class='ocr_line' id='line_1_15' title="bbox 529 2271 1469 2362; baseline -0.003 -23"><span class='ocrx_word' id='word_1_101' title='bbox 529 2275 641 2339; x_wconf 89' lang='lat' dir='ltr'><strong>Soluto</strong></span> <span class='ocrx_word' id='word_1_102' title='bbox 656 2296 766 2359; x_wconf 88' lang='lat' dir='ltr'><strong>regum</strong></span> <span class='ocrx_word' id='word_1_103' title='bbox 788 2272 959 2358; x_wconf 84' lang='lat' dir='ltr'><strong>colloquio,</strong></span> <span class='ocrx_word' id='word_1_104' title='bbox 975 2296 1014 2336; x_wconf 93' lang='lat' dir='ltr'><strong>ne</strong></span> <span class='ocrx_word' id='word_1_105' title='bbox 1030 2271 1125 2336; x_wconf 87' lang='lat' dir='ltr'><strong>latere</strong></span> <span class='ocrx_word' id='word_1_106' title='bbox 1145 2284 1264 2358; x_wconf 86' lang='lat' dir='ltr'><strong>posset,</strong></span> <span class='ocrx_word' id='word_1_107' title='bbox 1280 2271 1440 2359; x_wconf 90' lang='lat' dir='ltr'><strong>quomodo</strong></span> <span class='ocrx_word' id='word_1_108' title='bbox 1459 2343 1469 2362; x_wconf 45' lang='lat'><strong>,</strong></span> 
     </span>
     <span class='ocr_line' id='line_1_16' title="bbox 485 2375 1441 2464; baseline -0.003 -20"><span class='ocrx_word' id='word_1_109' title='bbox 485 2401 542 2444; x_wconf 86' lang='lat' dir='ltr'><strong>rex</strong></span> <span class='ocrx_word' id='word_1_110' title='bbox 574 2377 702 2462; x_wconf 80' lang='lat' dir='ltr'><strong>Angliae</strong></span> <span class='ocrx_word' id='word_1_111' title='bbox 731 2375 771 2440; x_wconf 94' lang='lat' dir='ltr'><strong>de</strong></span> <span class='ocrx_word' id='word_1_112' title='bbox 797 2376 927 2440; x_wconf 90' lang='lat' dir='ltr'><strong>domino</strong></span> <span class='ocrx_word' id='word_1_113' title='bbox 956 2399 1051 2464; x_wconf 87' lang='lat' dir='ltr'><strong>papa,</strong></span> <span class='ocrx_word' id='word_1_114' title='bbox 1078 2390 1110 2442; x_wconf 90' lang='lat' dir='ltr'><strong>et</strong></span> <span class='ocrx_word' id='word_1_115' title='bbox 1140 2375 1271 2441; x_wconf 87' lang='lat' dir='ltr'><strong>ecclesia</strong></span> <span class='ocrx_word' id='word_1_116' title='bbox 1297 2380 1441 2442; x_wconf 85' lang='lat' dir='ltr'><strong>Romana</strong></span> 
     </span>
     <span class='ocr_line' id='line_1_17' title="bbox 484 2480 1439 2568; baseline -0.002 -21"><span class='ocrx_word' id='word_1_117' title='bbox 484 2482 748 2568; x_wconf 83' lang='lat' dir='ltr'><strong>triumphaverat,</strong></span> <span class='ocrx_word' id='word_1_118' title='bbox 777 2494 809 2546; x_wconf 90' lang='lat' dir='ltr'><strong>et</strong></span> <span class='ocrx_word' id='word_1_119' title='bbox 839 2500 876 2546; x_wconf 88' lang='lat' dir='ltr'><strong>ut</strong></span> <span class='ocrx_word' id='word_1_120' title='bbox 906 2481 1054 2546; x_wconf 88' lang='lat' dir='ltr'><strong>dominus</strong></span> <span class='ocrx_word' id='word_1_121' title='bbox 1081 2480 1321 2547; x_wconf 74' lang='lat' dir='ltr'><strong>cantuariensis</strong></span> <span class='ocrx_word' id='word_1_122' title='bbox 1351 2480 1439 2547; x_wconf 86' lang='lat' dir='ltr'><strong>lieret</strong></span> 
     </span>
     <span class='ocr_line' id='line_1_18' title="bbox 483 2580 1440 2669; baseline 0 -23"><span class='ocrx_word' id='word_1_123' title='bbox 483 2581 691 2669; x_wconf 90' lang='lat' dir='ltr'><strong>opprobrium</strong></span> <span class='ocrx_word' id='word_1_124' title='bbox 705 2580 883 2658; x_wconf 86' lang='lat' dir='ltr'><strong>hominum,</strong></span> <span class='ocrx_word' id='word_1_125' title='bbox 895 2598 927 2647; x_wconf 89' lang='lat' dir='ltr'><strong>et</strong></span> <span class='ocrx_word' id='word_1_126' title='bbox 943 2582 1079 2669; x_wconf 86' lang='lat' dir='ltr'><strong>abjectio</strong></span> <span class='ocrx_word' id='word_1_127' title='bbox 1088 2581 1201 2667; x_wconf 90' lang='lat' dir='ltr'><strong>plebis,</strong></span> <span class='ocrx_word' id='word_1_128' title='bbox 1211 2595 1244 2647; x_wconf 89' lang='lat' dir='ltr'><strong>et</strong></span> <span class='ocrx_word' id='word_1_129' title='bbox 1256 2581 1307 2645; x_wconf 93' lang='lat' dir='ltr'><strong>sui</strong></span> <span class='ocrx_word' id='word_1_130' title='bbox 1322 2603 1440 2662; x_wconf 91' lang='lat' dir='ltr'><strong>omnes,</strong></span> 
     </span>
     <span class='ocr_line' id='line_1_19' title="bbox 483 2682 1437 2772; baseline 0.003 -25"><span class='ocrx_word' id='word_1_131' title='bbox 483 2682 591 2747; x_wconf 87' lang='lat' dir='ltr'><strong>literas</strong></span> <span class='ocrx_word' id='word_1_132' title='bbox 616 2682 735 2747; x_wconf 91' lang='lat' dir='ltr'><strong>domiui</strong></span> <span class='ocrx_word' id='word_1_133' title='bbox 766 2707 869 2770; x_wconf 83' lang='lat' dir='ltr'><strong>papae,</strong></span> <span class='ocrx_word' id='word_1_134' title='bbox 896 2684 1016 2772; x_wconf 89' lang='lat' dir='ltr'><strong>quibus</strong></span> <span class='ocrx_word' id='word_1_135' title='bbox 1042 2684 1131 2749; x_wconf 90' lang='lat' dir='ltr'><strong>dedit</strong></span> <span class='ocrx_word' id='word_1_136' title='bbox 1161 2683 1190 2747; x_wconf 94' lang='lat' dir='ltr'><strong>ei</strong></span> <span class='ocrx_word' id='word_1_137' title='bbox 1215 2683 1437 2772; x_wconf 84' lang='lat' dir='ltr'><strong>impunitatem</strong></span> 
     </span>
     <span class='ocr_line' id='line_1_20' title="bbox 483 2785 1511 2873; baseline -0.003 -23"><span class='ocrx_word' id='word_1_138' title='bbox 483 2785 646 2873; x_wconf 89' lang='lat' dir='ltr'><strong>peccandi,</strong></span> <span class='ocrx_word' id='word_1_139' title='bbox 660 2786 827 2851; x_wconf 88' lang='lat' dir='ltr'><strong>transcribi</strong></span> <span class='ocrx_word' id='word_1_140' title='bbox 842 2786 930 2863; x_wconf 82' lang='lat' dir='ltr'><strong>fecit,</strong></span> <span class='ocrx_word' id='word_1_141' title='bbox 945 2799 977 2851; x_wconf 91' lang='lat' dir='ltr'><strong>et</strong></span> <span class='ocrx_word' id='word_1_142' title='bbox 993 2785 1034 2849; x_wconf 93' lang='lat' dir='ltr'><strong>ad</strong></span> <span class='ocrx_word' id='word_1_143' title='bbox 1051 2785 1219 2870; x_wconf 87' lang='lat' dir='ltr'><strong>utriusque</strong></span> <span class='ocrx_word' id='word_1_144' title='bbox 1235 2786 1327 2871; x_wconf 89' lang='lat' dir='ltr'><strong>regui</strong></span> <span class='ocrx_word' id='word_1_145' title='bbox 1342 2786 1438 2851; x_wconf 89' lang='lat' dir='ltr'><strong>eccle·</strong></span> <span class='ocrx_word' id='word_1_146' title='bbox 1506 2841 1511 2847; x_wconf 88' lang='lat'><em>.</em></span> 
     </span>
     <span class='ocr_line' id='line_1_21' title="bbox 484 2885 1439 2974; baseline 0 -22"><span class='ocrx_word' id='word_1_147' title='bbox 484 2889 556 2967; x_wconf 89' lang='lat' dir='ltr'><strong>sias,</strong></span> <span class='ocrx_word' id='word_1_148' title='bbox 579 2900 611 2952; x_wconf 91' lang='lat' dir='ltr'><strong>et</strong></span> <span class='ocrx_word' id='word_1_149' title='bbox 637 2910 787 2974; x_wconf 88' lang='lat' dir='ltr'><strong>personas</strong></span> <span class='ocrx_word' id='word_1_150' title='bbox 812 2886 974 2951; x_wconf 83' lang='lat' dir='ltr'><strong>destinari.</strong></span> <span class='ocrx_word' id='word_1_151' title='bbox 1021 2885 1186 2952; x_wconf 86' lang='lat' dir='ltr'><strong>Gloriatus</strong></span> <span class='ocrx_word' id='word_1_152' title='bbox 1209 2901 1258 2953; x_wconf 88' lang='lat' dir='ltr'><strong>est</strong></span> <span class='ocrx_word' id='word_1_153' title='bbox 1284 2901 1380 2953; x_wconf 82' lang='lat' dir='ltr'><strong>etram</strong></span> <span class='ocrx_word' id='word_1_154' title='bbox 1408 2912 1439 2952; x_wconf 84' lang='lat' dir='ltr'><strong>se</strong></span> 
     </span>
     <span class='ocr_line' id='line_1_22' title="bbox 484 2987 1442 3073; baseline -0.001 -18"><span class='ocrx_word' id='word_1_155' title='bbox 484 2989 563 3055; x_wconf 87' lang='lat' dir='ltr'><strong>tales</strong></span> <span class='ocrx_word' id='word_1_156' title='bbox 578 2991 695 3055; x_wconf 88' lang='lat' dir='ltr'><strong>amicos</strong></span> <span class='ocrx_word' id='word_1_157' title='bbox 709 2989 826 3055; x_wconf 88' lang='lat' dir='ltr'><strong>habere</strong></span> <span class='ocrx_word' id='word_1_158' title='bbox 840 2990 873 3053; x_wconf 93' lang='lat' dir='ltr'><strong>in</strong></span> <span class='ocrx_word' id='word_1_159' title='bbox 890 2987 1054 3073; x_wconf 90' lang='lat' dir='ltr'><strong>curia‚qui</strong></span> <span class='ocrx_word' id='word_1_160' title='bbox 1069 3011 1177 3053; x_wconf 89' lang='lat' dir='ltr'><strong>omues</strong></span> <span class='ocrx_word' id='word_1_161' title='bbox 1192 3002 1326 3054; x_wconf 91' lang='lat' dir='ltr'><strong>conatus</strong></span> <span class='ocrx_word' id='word_1_162' title='bbox 1341 2990 1442 3055; x_wconf 87' lang='lat' dir='ltr'><strong>archi-</strong></span> 
     </span>
     <span class='ocr_line' id='line_1_23' title="bbox 486 3091 1441 3179; baseline 0 -22"><span class='ocrx_word' id='word_1_163' title='bbox 486 3093 626 3179; x_wconf 89' lang='lat' dir='ltr'><strong>episcopi</strong></span> <span class='ocrx_word' id='word_1_164' title='bbox 643 3092 882 3157; x_wconf 91' lang='lat' dir='ltr'><strong>Cantuariensis</strong></span> <span class='ocrx_word' id='word_1_165' title='bbox 896 3091 1108 3169; x_wconf 87' lang='lat' dir='ltr'><strong>evacuabunt,</strong></span> <span class='ocrx_word' id='word_1_166' title='bbox 1124 3104 1156 3157; x_wconf 88' lang='lat' dir='ltr'><strong>et</strong></span> <span class='ocrx_word' id='word_1_167' title='bbox 1176 3095 1222 3157; x_wconf 87' lang='lat' dir='ltr'><strong>ita</strong></span> <span class='ocrx_word' id='word_1_168' title='bbox 1244 3091 1347 3157; x_wconf 90' lang='lat' dir='ltr'><strong>se&#39;duli</strong></span> <span class='ocrx_word' id='word_1_169' title='bbox 1368 3107 1441 3157; x_wconf 87' lang='lat' dir='ltr'><strong>suut</strong></span> 
     </span>
     <span class='ocr_line' id='line_1_24' title="bbox 484 3194 1438 3282; baseline 0.003 -26"><span class='ocrx_word' id='word_1_170' title='bbox 484 3194 516 3256; x_wconf 88' lang='lat' dir='ltr'><strong>iu</strong></span> <span class='ocrx_word' id='word_1_171' title='bbox 531 3195 754 3279; x_wconf 88' lang='lat' dir='ltr'><strong>promovendis</strong></span> <span class='ocrx_word' id='word_1_172' title='bbox 770 3194 904 3280; x_wconf 83' lang='lat' dir='ltr'><strong>negotiis</strong></span> <span class='ocrx_word' id='word_1_173' title='bbox 919 3195 997 3281; x_wconf 85' lang='lat' dir='ltr'><strong>ejus,</strong></span> <span class='ocrx_word' id='word_1_174' title='bbox 1016 3207 1051 3260; x_wconf 84' lang='lat' dir='ltr'><strong>ut</strong></span> <span class='ocrx_word' id='word_1_175' title='bbox 1067 3217 1124 3260; x_wconf 91' lang='lat' dir='ltr'><strong>nec</strong></span> <span class='ocrx_word' id='word_1_176' title='bbox 1140 3217 1236 3259; x_wconf 91' lang='lat' dir='ltr'><strong>unam</strong></span> <span class='ocrx_word' id='word_1_177' title='bbox 1252 3196 1438 3282; x_wconf 89' lang='lat' dir='ltr'><strong>petitionem</strong></span> 
     </span>
     <span class='ocr_line' id='line_1_25' title="bbox 483 3295 1438 3384; baseline 0.005 -27"><span class='ocrx_word' id='word_1_178' title='bbox 483 3297 646 3380; x_wconf 87' lang='lat' dir='ltr'><strong>porrigere</strong></span> <span class='ocrx_word' id='word_1_179' title='bbox 679 3299 788 3382; x_wconf 89' lang='lat' dir='ltr'><strong>possit,</strong></span> <span class='ocrx_word' id='word_1_180' title='bbox 819 3295 869 3360; x_wconf 92' lang='lat' dir='ltr'><strong>vel</strong></span> <span class='ocrx_word' id='word_1_181' title='bbox 899 3296 1021 3382; x_wconf 91' lang='lat' dir='ltr'><strong>aliquid</strong></span> <span class='ocrx_word' id='word_1_182' title='bbox 1051 3296 1231 3384; x_wconf 90' lang='lat' dir='ltr'><strong>impetrare,</strong></span> <span class='ocrx_word' id='word_1_183' title='bbox 1262 3297 1352 3383; x_wconf 92' lang='lat' dir='ltr'><strong>quod</strong></span> <span class='ocrx_word' id='word_1_184' title='bbox 1382 3321 1438 3384; x_wconf 93' lang='lat' dir='ltr'><strong>per</strong></span> 
     </span>
     <span class='ocr_line' id='line_1_26' title="bbox 483 3395 1439 3483; baseline 0.002 -23"><span class='ocrx_word' id='word_1_185' title='bbox 483 3395 599 3460; x_wconf 87' lang='lat' dir='ltr'><strong>amicos</strong></span> <span class='ocrx_word' id='word_1_186' title='bbox 622 3418 683 3458; x_wconf 92' lang='lat' dir='ltr'><strong>non</strong></span> <span class='ocrx_word' id='word_1_187' title='bbox 710 3398 859 3462; x_wconf 88' lang='lat' dir='ltr'><strong>mittatur</strong></span> <span class='ocrx_word' id='word_1_188' title='bbox 880 3398 921 3462; x_wconf 88' lang='lat' dir='ltr'><strong>ad</strong></span> <span class='ocrx_word' id='word_1_189' title='bbox 944 3398 1058 3483; x_wconf 87' lang='lat' dir='ltr'><strong>ipsum.</strong></span> <span class='ocrx_word' id='word_1_190' title='bbox 1103 3399 1227 3465; x_wconf 83' lang='lat' dir='ltr'><strong>Scimus</strong></span> <span class='ocrx_word' id='word_1_191' title='bbox 1253 3411 1285 3463; x_wconf 90' lang='lat' dir='ltr'><strong>et</strong></span> <span class='ocrx_word' id='word_1_192' title='bbox 1312 3399 1439 3463; x_wconf 87' lang='lat' dir='ltr'><strong>nomina</strong></span> 
     </span>
     <span class='ocr_line' id='line_1_27' title="bbox 482 3498 1438 3588; baseline 0.004 -27"><span class='ocrx_word' id='word_1_193' title='bbox 482 3519 602 3573; x_wconf 90' lang='lat' dir='ltr'><strong>eorum,</strong></span> <span class='ocrx_word' id='word_1_194' title='bbox 614 3518 750 3581; x_wconf 91' lang='lat' dir='ltr'><strong>quorum</strong></span> <span class='ocrx_word' id='word_1_195' title='bbox 766 3498 898 3564; x_wconf 90' lang='lat' dir='ltr'><strong>consilio</strong></span> <span class='ocrx_word' id='word_1_196' title='bbox 913 3499 1027 3575; x_wconf 90' lang='lat' dir='ltr'><strong>utitur,</strong></span> <span class='ocrx_word' id='word_1_197' title='bbox 1041 3512 1073 3563; x_wconf 86' lang='lat' dir='ltr'><strong>et</strong></span> <span class='ocrx_word' id='word_1_198' title='bbox 1088 3499 1168 3586; x_wconf 93' lang='lat' dir='ltr'><strong>quid</strong></span> <span class='ocrx_word' id='word_1_199' title='bbox 1183 3523 1288 3588; x_wconf 89' lang='lat' dir='ltr'><strong>nuper</strong></span> <span class='ocrx_word' id='word_1_200' title='bbox 1303 3513 1438 3586; x_wconf 87' lang='lat' dir='ltr'><strong>egerunt</strong></span> 
     </span>
     <span class='ocr_line' id='line_1_28' title="bbox 482 3597 1438 3690; baseline 0.004 -28"><span class='ocrx_word' id='word_1_201' title='bbox 482 3597 628 3680; x_wconf 90' lang='lat' dir='ltr'><strong>incuria,</strong></span> <span class='ocrx_word' id='word_1_202' title='bbox 644 3612 679 3662; x_wconf 87' lang='lat' dir='ltr'><strong>ut</strong></span> <span class='ocrx_word' id='word_1_203' title='bbox 695 3621 806 3664; x_wconf 88' lang='lat' dir='ltr'><strong>caussa</strong></span> <span class='ocrx_word' id='word_1_204' title='bbox 821 3601 894 3678; x_wconf 90' lang='lat' dir='ltr'><strong>Dei,</strong></span> <span class='ocrx_word' id='word_1_205' title='bbox 910 3614 942 3666; x_wconf 93' lang='lat' dir='ltr'><strong>et</strong></span> <span class='ocrx_word' id='word_1_206' title='bbox 958 3623 1113 3687; x_wconf 86' lang='lat' dir='ltr'><strong>pauperes</strong></span> <span class='ocrx_word' id='word_1_207' title='bbox 1130 3601 1251 3667; x_wconf 87' lang='lat' dir='ltr'><strong>Christi</strong></span> <span class='ocrx_word' id='word_1_208' title='bbox 1265 3603 1320 3667; x_wconf 92' lang='lat' dir='ltr'><strong>vili</strong></span> <span class='ocrx_word' id='word_1_209' title='bbox 1335 3603 1438 3690; x_wconf 88' lang='lat' dir='ltr'><strong>pretio</strong></span> 
     </span>
     <span class='ocr_line' id='line_1_29' title="bbox 482 3699 1438 3788; baseline 0.006 -26"><span class='ocrx_word' id='word_1_210' title='bbox 482 3699 705 3767; x_wconf 85' lang='lat' dir='ltr'><strong>venderentur.</strong></span> <span class='ocrx_word' id='word_1_211' title='bbox 751 3703 866 3788; x_wconf 89' lang='lat' dir='ltr'><strong>Neque</strong></span> <span class='ocrx_word' id='word_1_212' title='bbox 893 3704 976 3766; x_wconf 90' lang='lat' dir='ltr'><strong>euim</strong></span> <span class='ocrx_word' id='word_1_213' title='bbox 1003 3704 1067 3768; x_wconf 86' lang='lat' dir='ltr'><strong>fuit</strong></span> <span class='ocrx_word' id='word_1_214' title='bbox 1093 3703 1269 3769; x_wconf 90' lang='lat' dir='ltr'><strong>multitudo</strong></span> <span class='ocrx_word' id='word_1_215' title='bbox 1296 3704 1329 3768; x_wconf 89' lang='lat' dir='ltr'><strong>iu</strong></span> <span class='ocrx_word' id='word_1_216' title='bbox 1355 3726 1438 3768; x_wconf 89' lang='lat' dir='ltr'><strong>com·</strong></span> 
     </span>
     <span class='ocr_line' id='line_1_30' title="bbox 482 3801 1438 3890; baseline 0.003 -25"><span class='ocrx_word' id='word_1_217' title='bbox 482 3801 714 3867; x_wconf 89' lang='lat' dir='ltr'><strong>mutationibus</strong></span> <span class='ocrx_word' id='word_1_218' title='bbox 736 3826 857 3868; x_wconf 90' lang='lat' dir='ltr'><strong>eorum.</strong></span> <span class='ocrx_word' id='word_1_219' title='bbox 904 3808 1077 3890; x_wconf 88' lang='lat' dir='ltr'><strong>Nunquam</strong></span> <span class='ocrx_word' id='word_1_220' title='bbox 1099 3804 1233 3870; x_wconf 84' lang='lat' dir='ltr'><strong>fuissent</strong></span> <span class='ocrx_word' id='word_1_221' title='bbox 1251 3804 1317 3870; x_wconf 84' lang='lat' dir='ltr'><strong>illae</strong></span> <span class='ocrx_word' id='word_1_222' title='bbox 1339 3804 1438 3869; x_wconf 69' lang='lat' dir='ltr'><strong>unciae</strong></span> 
     </span>
     <span class='ocr_line' id='line_1_31' title="bbox 480 3904 1438 3992; baseline 0.002 -23"><span class='ocrx_word' id='word_1_223' title='bbox 480 3904 562 3981; x_wconf 91' lang='lat' dir='ltr'><strong>auri,</strong></span> <span class='ocrx_word' id='word_1_224' title='bbox 577 3905 699 3990; x_wconf 87' lang='lat' dir='ltr'><strong>quibus</strong></span> <span class='ocrx_word' id='word_1_225' title='bbox 719 3905 850 3990; x_wconf 89' lang='lat' dir='ltr'><strong>impulsi</strong></span> <span class='ocrx_word' id='word_1_226' title='bbox 874 3919 948 3971; x_wconf 86' lang='lat' dir='ltr'><strong>suut</strong></span> <span class='ocrx_word' id='word_1_227' title='bbox 971 3919 1008 3970; x_wconf 95' lang='lat' dir='ltr'><strong>ut</strong></span> <span class='ocrx_word' id='word_1_228' title='bbox 1027 3905 1188 3985; x_wconf 89' lang='lat' dir='ltr'><strong>caderent,</strong></span> <span class='ocrx_word' id='word_1_229' title='bbox 1203 3929 1286 3992; x_wconf 87' lang='lat' dir='ltr'><strong>quos</strong></span> <span class='ocrx_word' id='word_1_230' title='bbox 1301 3906 1438 3972; x_wconf 76' lang='lat' dir='ltr'><strong>ecclesiae</strong></span> 
     </span>
     <span class='ocr_line' id='line_1_32' title="bbox 480 4007 1437 4096; baseline 0 -25"><span class='ocrx_word' id='word_1_231' title='bbox 480 4007 642 4071; x_wconf 91' lang='lat' dir='ltr'><strong>columnas</strong></span> <span class='ocrx_word' id='word_1_232' title='bbox 655 4020 842 4092; x_wconf 89' lang='lat' dir='ltr'><strong>oportuerat</strong></span> <span class='ocrx_word' id='word_1_233' title='bbox 858 4031 935 4073; x_wconf 91' lang='lat' dir='ltr'><strong>esse.</strong></span> <span class='ocrx_word' id='word_1_234' title='bbox 967 4008 1127 4095; x_wconf 85' lang='lat' dir='ltr'><strong>Adeoque</strong></span> <span class='ocrx_word' id='word_1_235' title='bbox 1141 4009 1182 4073; x_wconf 92' lang='lat' dir='ltr'><strong>de</strong></span> <span class='ocrx_word' id='word_1_236' title='bbox 1197 4009 1365 4096; x_wconf 88' lang='lat' dir='ltr'><strong>triumpho</strong></span> <span class='ocrx_word' id='word_1_237' title='bbox 1380 4032 1437 4074; x_wconf 87' lang='lat' dir='ltr'><strong>suo</strong></span> 
     </span>
     <span class='ocr_line' id='line_1_33' title="bbox 479 4109 1437 4198; baseline 0.001 -24"><span class='ocrx_word' id='word_1_238' title='bbox 479 4109 582 4174; x_wconf 90' lang='lat' dir='ltr'><strong>elatus</strong></span> <span class='ocrx_word' id='word_1_239' title='bbox 600 4121 648 4172; x_wconf 83' lang='lat' dir='ltr'><strong>est</strong></span> <span class='ocrx_word' id='word_1_240' title='bbox 663 4131 731 4186; x_wconf 87' lang='lat' dir='ltr'><strong>rex,</strong></span> <span class='ocrx_word' id='word_1_241' title='bbox 749 4122 785 4174; x_wconf 91' lang='lat' dir='ltr'><strong>ut</strong></span> <span class='ocrx_word' id='word_1_242' title='bbox 804 4110 837 4173; x_wconf 90' lang='lat' dir='ltr'><strong>in</strong></span> <span class='ocrx_word' id='word_1_243' title='bbox 858 4110 954 4175; x_wconf 90' lang='lat' dir='ltr'><strong>domo</strong></span> <span class='ocrx_word' id='word_1_244' title='bbox 975 4133 1033 4175; x_wconf 90' lang='lat' dir='ltr'><strong>sua</strong></span> <span class='ocrx_word' id='word_1_245' title='bbox 1053 4125 1149 4177; x_wconf 78' lang='lat' dir='ltr'><strong>taceri</strong></span> <span class='ocrx_word' id='word_1_246' title='bbox 1170 4133 1233 4175; x_wconf 89' lang='lat' dir='ltr'><strong>nou</strong></span> <span class='ocrx_word' id='word_1_247' title='bbox 1255 4115 1368 4198; x_wconf 88' lang='lat' dir='ltr'><strong>possit,</strong></span> <span class='ocrx_word' id='word_1_248' title='bbox 1382 4121 1437 4197; x_wconf 93' lang='lat' dir='ltr'><strong>qui</strong></span> 
     </span>
     <span class='ocr_line' id='line_1_34' title="bbox 478 4210 1437 4297; baseline 0 -19"><span class='ocrx_word' id='word_1_249' title='bbox 478 4210 651 4278; x_wconf 87' lang='lat' dir='ltr'><strong>cardinales</strong></span> <span class='ocrx_word' id='word_1_250' title='bbox 671 4211 712 4274; x_wconf 94' lang='lat' dir='ltr'><strong>de</strong></span> <span class='ocrx_word' id='word_1_251' title='bbox 731 4210 787 4274; x_wconf 93' lang='lat' dir='ltr'><strong>illo</strong></span> <span class='ocrx_word' id='word_1_252' title='bbox 807 4213 958 4297; x_wconf 84' lang='lat' dir='ltr'><strong>pestifero</strong></span> <span class='ocrx_word' id='word_1_253' title='bbox 972 4226 1005 4278; x_wconf 91' lang='lat' dir='ltr'><strong>et</strong></span> <span class='ocrx_word' id='word_1_254' title='bbox 1022 4212 1133 4277; x_wconf 86' lang='lat' dir='ltr'><strong>infami</strong></span> <span class='ocrx_word' id='word_1_255' title='bbox 1153 4236 1233 4277; x_wconf 92' lang='lat' dir='ltr'><strong>auro</strong></span> <span class='ocrx_word' id='word_1_256' title='bbox 1255 4212 1336 4278; x_wconf 91' lang='lat' dir='ltr'><strong>nihil</strong></span> <span class='ocrx_word' id='word_1_257' title='bbox 1352 4236 1437 4278; x_wconf 90' lang='lat' dir='ltr'><strong>acce·</strong></span> 
     </span>
     <span class='ocr_line' id='line_1_35' title="bbox 479 4312 1427 4402; baseline 0.001 -25"><span class='ocrx_word' id='word_1_258' title='bbox 479 4312 595 4402; x_wconf 89' lang='lat' dir='ltr'><strong>periut,</strong></span> <span class='ocrx_word' id='word_1_259' title='bbox 618 4312 714 4400; x_wconf 91' lang='lat' dir='ltr'><strong>quive</strong></span> <span class='ocrx_word' id='word_1_260' title='bbox 736 4313 977 4398; x_wconf 86' lang='lat' dir='ltr'><strong>procuraverint</strong></span> <span class='ocrx_word' id='word_1_261' title='bbox 999 4314 1163 4400; x_wconf 90' lang='lat' dir='ltr'><strong>quomodo</strong></span> <span class='ocrx_word' id='word_1_262' title='bbox 1186 4316 1427 4402; x_wconf 85' lang='lat' dir='ltr'><strong>dispensaretur</strong></span> 
     </span>
     <span class='ocr_line' id='line_1_36' title="bbox 477 4413 1437 4504; baseline -0.003 -21"><span class='ocrx_word' id='word_1_263' title='bbox 477 4418 546 4483; x_wconf 89' lang='lat' dir='ltr'><strong>aliis</strong></span> <span class='ocrx_word' id='word_1_264' title='bbox 572 4414 656 4502; x_wconf 89' lang='lat' dir='ltr'><strong>plus,</strong></span> <span class='ocrx_word' id='word_1_265' title='bbox 681 4413 751 4479; x_wconf 87' lang='lat' dir='ltr'><strong>aliis</strong></span> <span class='ocrx_word' id='word_1_266' title='bbox 780 4438 898 4494; x_wconf 78' lang='lat' dir='ltr'><strong>minus,</strong></span> <span class='ocrx_word' id='word_1_267' title='bbox 925 4416 1101 4481; x_wconf 89' lang='lat' dir='ltr'><strong>secundum</strong></span> <span class='ocrx_word' id='word_1_268' title='bbox 1131 4415 1219 4502; x_wconf 89' lang='lat' dir='ltr'><strong>quod</strong></span> <span class='ocrx_word' id='word_1_269' title='bbox 1250 4417 1353 4504; x_wconf 82' lang='lat' dir='ltr'><strong>magia</strong></span> <span class='ocrx_word' id='word_1_270' title='bbox 1383 4428 1437 4481; x_wconf 91' lang='lat' dir='ltr'><strong>aut</strong></span> 
     </span>
    </p>
   </div>
   <div class='ocr_carea' id='block_1_3' title="bbox 0 0 1696 5525">
    <p class='ocr_par' dir='ltr' id='par_1_3' title="bbox 0 0 1696 5525">
     <span class='ocr_line' id='line_1_37' title="bbox 0 0 1696 5525; baseline 0 3"><span class='ocrx_word' id='word_1_271' title='bbox 0 0 1696 5525; x_wconf 95' lang='lat' dir='ltr'><strong> </strong></span> 
     </span>
    </p>
   </div>
  </div>
 </body>
</html>
