3384 5525
477 748 517 806 88
743 758 879 802 rornnrs
895 754 1172 801 sanuseramsnsrs
1333 737 1378 815 [a.
1395 755 1426 799 rr.

477 914 588 990 midet,
602 911 741 973 innitens
756 910 866 992 gratiae
888 910 959 971 Dei.
1006 906 1220 971 Procedentes
1239 906 1316 971 hinc
1339 928 1425 991 quae·

478 1017 610 1090 sierunt,
648 1033 688 1073 an
719 1012 779 1073 sub
809 1012 856 1073 eis
895 1008 1063 1100 judicibus
1100 1009 1195 1071 vellet
1232 1007 1427 1091 respondere

478 1112 651 1198 episcopis,
674 1110 728 1194 qui
751 1119 861 1172 contra
883 1130 955 1171 eum
979 1109 1228 1191 appellaverant,
1250 1108 1328 1191 quia
1349 1128 1428 1191 prae·

478 1226 584 1279 sentes
600 1226 697 1275 erant
748 1211 1018 1295 Archiepiscopus
1034 1232 1109 1273 rero
1122 1230 1243 1273 memor
1257 1211 1428 1285 literamm,

477 1317 594 1401 quibus
609 1315 639 1378 ei
653 1325 845 1398 praesentata
864 1326 912 1376 est
926 1313 982 1375 illa
1004 1313 1257 1397 qualiscumque,
1274 1312 1323 1373 vel
1339 1312 1428 1373 nulla

476 1418 585 1503 potius
613 1417 795 1500 appellatio,
821 1425 991 1497 concepta,
1017 1424 1053 1477 ut
1077 1414 1124 1476 ibi
1149 1413 1345 1496 perhibetur,
1367 1412 1426 1475 sub

476 1520 607 1583 nomine
629 1520 770 1582 omnium
794 1517 1109 1601 comprovincialium
1138 1516 1375 1598 episcoporum,
1397 1523 1429 1576 et

475 1622 639 1697 abbatum,
662 1631 694 1683 et
715 1639 923 1703 personarum
942 1618 1030 1699 regni
1053 1617 1087 1679 in
1109 1616 1276 1700 provincia
1301 1614 1426 1679 Cantiae

478 1723 675 1803 degentium,
689 1731 722 1784 et
736 1732 841 1784 certus
858 1720 943 1805 qnod
964 1720 1016 1783 isti
1036 1741 1103 1782 non
1125 1728 1342 1781 convenerant
1362 1718 1427 1779 Ro-

479 1824 673 1904 thomagum,
690 1832 722 1883 et
737 1842 832 1905 qnam
849 1820 977 1903 plurimi
995 1840 1104 1886 eorum
1118 1818 1214 1903 hujns
1229 1818 1358 1880 fuerant
1372 1838 1427 1900 ap·

477 1924 659 2007 pellationis
682 1923 792 2003 ignan',
815 1933 848 1985 et
869 1923 987 1997 multis,
1011 1922 1066 2006 qui
1088 1930 1253 1997 noverant,
1278 1919 1427 2003 displice·

477 2026 543 2100 bat,
559 2034 671 2106 utpote
686 2022 829 2105 justitia,
844 2035 997 2106 quantum
1012 2024 1045 2084 in
1068 2023 1137 2106 ejus
1152 2022 1337 2085 auctoribus
1352 2029 1427 2099 erat,

478 2125 579 2193 elusio
605 2124 723 2207 potius,
749 2145 845 2207 quem
877 2125 1058 2207 appellatio,
1089 2123 1257 2206 respondit
1286 2118 1429 2186 similiter

478 2246 576 2309 super
590 2224 652 2289 hoc
668 2226 790 2288 nullum
814 2225 937 2287 domini
958 2247 1052 2309 papae
1067 2246 1101 2289 se
1122 2225 1279 2308 recepisse
1296 2224 1426 2288 manda·

478 2337 557 2404 turn,
572 2338 710 2411 etquum
725 2327 805 2389 illud
819 2327 982 2410 receperit,
994 2328 1140 2390 consulto
1155 2347 1383 2409 responsurum
1394 2338 1427 2390 et

477 2429 633 2492 facturum
660 2428 746 2513 qnod
776 2430 855 2491 ratio
886 2428 1059 2492 dictaverit.
1104 2430 1263 2492 Caetemm
1292 2448 1428 2514 pauper·

477 2540 574 2593 tatem
605 2552 695 2593 suam
719 2541 752 2593 et
775 2551 903 2593 suorum
930 2528 970 2592 ad
994 2529 1115 2592 itineris
1137 2540 1283 2612 sumptus
1304 2543 1337 2594 et
1357 2531 1430 2594 lites

478 2653 544 2695 non
560 2654 630 2695 esse
641 2631 800 2709 idoneam,
815 2632 1056 2695 etclementiam
1068 2629 1333 2695 christianissimi
1347 2632 1428 2714 regis

477 2733 539 2798 hoc
556 2734 620 2797 fine
639 2734 799 2798 molestias
814 2733 880 2818 pati
901 2750 965 2797 nou
986 2755 1091 2818 posse,
1104 2745 1140 2800 ut
1160 2733 1332 2800 liberalitas
1348 2732 1428 2817 ejus,

477 2859 548 2921 quae
570 2838 738 2901 exulantes
757 2838 928 2920 episcopos
949 2837 1090 2900 decrevit
1108 2836 1337 2904 humanissime
1353 2858 1428 2900 con-

477 2940 584 3017 solari,
606 2961 679 3002 eum
702 2950 734 3002 et
756 2939 908 3002 coexules
930 2958 1004 3000 suos
1034 2959 1120 3022 saepe
1143 2947 1175 3001 et
1196 2937 1252 3000 diu
1275 2938 1427 3001 exhibere

479 3053 611 3122 cogatur
624 3042 658 3104 in
680 3041 830 3103 domibus
844 3040 967 3102 alienis.
1013 3040 1097 3101 Nam
1112 3040 1166 3102 ubi
1183 3047 1232 3102 est
1253 3040 1348 3123 copia
1363 3038 1425 3102 vie-

480 3144 623 3219 tualium,
637 3144 764 3207 facilius
779 3153 828 3206 est
848 3162 1016 3224 procurare
1031 3162 1198 3224 expensas.
1244 3141 1307 3204 Die
1322 3151 1427 3204 autem

479 3244 625 3326 sequenti
648 3227 938 3308 Chnstidnissimus
967 3264 1025 3305 rex
1048 3244 1172 3324 legatos
1198 3242 1369 3306 admittens
1386 3241 1426 3304 ad

478 3343 685 3425 colloquium,
710 3344 769 3405 sub
793 3340 946 3423 religione
964 3343 1137 3427 juramenti
1163 3343 1310 3426 purgarit
1336 3342 1426 3404 inno-

480 3444 617 3506 centiam
640 3441 759 3505 domini
778 3443 1026 3517 cantuariensis,
1043 3443 1216 3526 perhibens
1237 3444 1268 3505 ei
1285 3445 1423 3508 testimo·

480 3545 580 3623 nium,
595 3545 680 3628 quod
696 3544 727 3607 ei
744 3545 913 3608 consilium
935 3564 1060 3627 semper
1075 3543 1215 3622 dederat,
1231 3555 1266 3607 ut
1281 3566 1347 3627 pax
1363 3565 1426 3607 ser·

479 3655 605 3709 varetur
619 3649 707 3709 salvo
721 3646 841 3710 honore
857 3646 1022 3729 utriusque
1036 3647 1131 3726 regis,
1146 3657 1178 3708 et
1193 3647 1305 3729 populi
1320 3647 1426 3709 utrim-

480 3769 543 3831 que
568 3748 675 3811 debita
695 3749 802 3832 quiete
821 3747 1004 3830 gauderent.
1049 3747 1190 3827 Rogavit
1212 3747 1426 3831 archiepisco·

478 3870 539 3931 pus
554 3850 683 3930 legatos,
699 3860 735 3912 ut
756 3847 885 3932 aliquod
900 3849 1048 3911 ecclesiae
1071 3849 1240 3911 consilium
1256 3849 1379 3926 darent,
1394 3858 1426 3913 et

477 3949 504 4021 si
518 3950 638 4013 alicubi
652 3950 833 4025 excederet,
849 3951 1015 4013 rectiorem
1031 3950 1236 4013 ostenderent
1252 3951 1343 4014 viam.
1376 3952 1428 4016 llli

479 4064 583 4116 autem
599 4053 704 4115 zelum
721 4073 816 4134 quern
830 4051 930 4115 habet
944 4051 977 4113 in
999 4051 1141 4114 Domino
1157 4054 1382 4135 approbantes,
1397 4053 1426 4115 ei

477 4153 635 4236 compassi
658 4161 742 4225 sunt,
766 4151 822 4213 sed
846 4151 886 4212 de
909 4153 1073 4235 proposito
1095 4151 1165 4235 ejus
1187 4174 1253 4215 non
1276 4152 1427 4215 dixerunt

476 4255 597 4339 aliquid
613 4252 853 4317 immutandum.
900 4255 953 4316 Sic
971 4255 1045 4317 data
1064 4254 1290 4318 benedictione
1314 4256 1354 4318 ab
1375 4255 1420 4316 in-

472 4361 575 4428 riccm
602 4357 824 4431 discessemnt,
850 4367 879 4435 et
906 4366 1020 4418 statum
1046 4366 1104 4433 est,
1132 4367 1162 4418 et
1192 4367 1322 4420 auctore
1354 4354 1424 4418 Deo

515 4470 524 4542 l
