3384 5525
365 815 473 894 ll⁷l.]
649 876 655 894 ,
747 833 923 879 ammosa.
1255 821 1317 879 ‘265

368 1005 439 1045 nem
453 996 620 1069 sequutus,
631 1007 682 1047 me
694 982 867 1047 innodavit.
893 982 1018 1047 Deinde
1030 1005 1068 1046 ne
1080 1005 1210 1068 quoquo
1222 984 1317 1047 modo

367 1083 447 1146 solvi
476 1098 593 1170 posset,
623 1084 823 1170 iniquitatem
856 1083 1015 1170 iniquitati
1051 1084 1213 1163 addentes
1243 1083 1315 1147 hinc

366 1185 576 1249 maximorum
594 1189 733 1249 virorum
750 1186 874 1249 libellos
888 1198 956 1248 arte
971 1184 1139 1270 multiplici
1156 1185 1237 1249 sicut
1248 1186 1315 1270 jam

366 1309 385 1347 a
407 1286 553 1371 pluribus
570 1299 653 1351 retro
668 1287 757 1350 annis
772 1287 919 1350 instructi
935 1287 1061 1349 fuerant
1077 1287 1334 1370 conquirebant,

367 1387 440 1450 inde
469 1389 709 1474 peregrinorum
740 1402 772 1451 et
802 1392 856 1473 qui
886 1411 937 1452 me
968 1410 1142 1473 numquam
1172 1387 1316 1453 viderant

366 1490 605 1554 multitudinem
622 1491 850 1565 subornabant,
867 1504 903 1554 ut
926 1513 963 1552 ea
984 1512 1058 1574 quae
1081 1511 1141 1552 non
1165 1504 1316 1555 noverant

367 1589 564 1666 mentientes,
594 1591 681 1676 apud
712 1613 871 1655 summum
909 1590 1092 1655 Pontificem
1130 1602 1161 1653 et
1196 1591 1316 1655 curiam

367 1693 543 1756 Romanam
565 1716 768 1779 quocumque
784 1694 878 1757 modo
893 1694 1010 1757 famam
1032 1706 1207 1756 onerarent.
1251 1694 1317 1757 Ab·

366 1818 547 1870 senseram,
563 1810 594 1859 et
618 1797 727 1881 quiex
751 1811 842 1882 parte
859 1820 928 1861 mea
943 1798 974 1860 in
991 1795 1079 1858 curia
1102 1796 1194 1878 pauci
1219 1809 1316 1861 tantae

366 1895 564 1961 multitudini
596 1899 650 1962 vix
680 1899 822 1962 resistere
859 1911 1017 1983 poterant,
1048 1910 1112 1961 tam
1148 1899 1316 1983 exquisitis

363 1999 461 2081 pressi
485 1999 666 2075 mendaciis,
682 2000 817 2063 maxime
839 2023 941 2085 quum
965 1998 1096 2083 quidam
1112 1998 1179 2063 solo
1201 1999 1314 2065 habitu

365 2102 501 2187 religiosi
518 2103 661 2166 videntes
675 2103 745 2166 illos
760 2102 938 2188 prosperari
954 2102 986 2165 in
1010 2101 1234 2187 iniquitatibus
1252 2104 1315 2169 suis

366 2227 437 2267 cum
454 2205 517 2269 illis
531 2210 712 2281 currebant,
728 2218 760 2269 et
783 2205 926 2290 neglecto
948 2206 1010 2269 Dei
1032 2209 1143 2269 timore
1165 2206 1206 2270 ad
1229 2229 1315 2271 ever-

365 2307 482 2369 sionem
505 2308 668 2392 dignitatis
690 2307 828 2371 ecclesiae
849 2321 976 2382 nostrae,
994 2330 1057 2370 uua
1079 2331 1148 2373 cum
1173 2310 1315 2373 meretri·

366 2408 456 2471 cibus
479 2413 543 2472 suis
570 2433 648 2495 quas
670 2432 772 2473 secum
800 2409 970 2482 duxerant,
994 2413 1106 2493 nequis
1129 2432 1222 2475 sexus
1244 2434 1315 2497 per-

365 2510 547 2592 sequutioni
570 2532 648 2573 meae
672 2513 802 2585 deesset,
819 2508 920 2573 multa
936 2510 1096 2574 dixerunt.
1144 2515 1190 2575 Hi
1206 2535 1315 2576 omnes

364 2610 395 2672 in
412 2633 513 2674 unum
528 2616 748 2676 convenientes
771 2623 1005 2698 proposuerunt
1021 2611 1053 2673 in
1076 2612 1227 2676 cordibus
1251 2614 1316 2677 suis

363 2714 507 2796 gigantes
517 2715 646 2792 imitari,
655 2713 805 2800 parietem
816 2736 856 2776 ex
867 2711 1011 2776 maximis
1023 2712 1315 2798 quasiquibusdam

364 2813 524 2898 lapidibus
546 2830 578 2879 et
601 2816 710 2879 multis
733 2815 915 2890 mendaciis,
932 2814 1014 2878 fictis
1036 2814 1075 2878 ad
1101 2827 1226 2900 tempus
1249 2839 1316 2879 sus-

363 2915 455 2999 piriis
470 2931 502 2979 et
526 2918 708 2998 gemitibus,
726 2939 786 2979 non
810 2916 910 2978 solum
927 2913 1046 2992 domos,
1063 2914 1117 2978 sed
1141 2928 1173 2977 et
1195 2916 1316 3000 plateas

363 3017 522 3101 replentes
551 3018 666 3081 diurno
696 3032 726 3081 et
762 3032 918 3081 nocturno
949 3015 1084 3090 ululatu,
1114 3017 1314 3104 eundemque

362 3122 465 3200 ipsum
484 3121 634 3203 parietem
657 3132 809 3204 tauquam
832 3118 971 3203 qirodam
996 3117 1206 3182 indissolubili
1230 3120 1314 3185 bitu·

365 3224 459 3293 mine,
500 3225 560 3285 vim
604 3236 724 3285 natura
762 3221 923 3296 fatientes,
953 3219 1108 3283 simulatis
1146 3219 1315 3306 lachrymis

365 3320 526 3397 linierunt,
556 3336 717 3407 sperantes
748 3321 806 3384 boc
837 3319 931 3383 modo
960 3318 1074 3382 coelum
1105 3319 1252 3384 claudere
1282 3346 1315 3386 se

365 3448 467 3508 posse,
482 3438 514 3487 et
532 3428 695 3488 veritatem
711 3434 866 3510 perpetuo
881 3422 997 3485 carceri
1018 3423 1180 3507 deputare.
1227 3425 1313 3497 Quid

363 3525 479 3611 plura?
521 3527 612 3589 Idem
635 3527 759 3591 Pharao
780 3526 919 3604 illorum,
942 3524 993 3586 ille
1016 3525 1201 3608 spiritualis,
1222 3528 1315 3611 cujus

365 3628 423 3708 ipsi
440 3629 580 3692 membra
596 3642 679 3704 sunt,
696 3630 728 3691 in
746 3628 801 3692 tali
816 3627 963 3712 equitatu
984 3625 1127 3689 incedere
1143 3627 1314 3693 videbatur

366 3751 436 3792 cum
448 3752 574 3808 corona,
583 3742 615 3793 et
627 3729 825 3813 eg0,misereo
832 3726 956 3811 cophini
972 3729 1116 3790 servituti
1128 3727 1314 3812 deputatus,

366 3831 568 3916 respiciebam
585 3831 625 3893 ad
642 3831 795 3894 auxilium
812 3830 988 3904 hominum,
1004 3841 1035 3890 et
1051 3850 1112 3891 non
1130 3841 1215 3892 erat:
1247 3831 1314 3894 cuti

364 3933 447 3995 enim
464 3956 541 3996 meae
556 3933 750 4018 consumptis
772 3932 920 3995 carnibus
942 3953 977 3992 os
1000 3952 1103 3992 meum
1128 3930 1314 4000 adhaeserat.

367 4035 487 4097 Levavi
510 4058 586 4118 ergo
608 4038 647 4098 ad
676 4035 792 4098 coelum
814 4034 932 4107 oculos,
956 4044 987 4095 et
1013 4033 1159 4114 angustia
1185 4035 1314 4120 spiritus

366 4136 425 4198 mei
442 4136 481 4199 ad
507 4142 610 4201 Deum
634 4137 777 4213 clamavi,
794 4152 826 4199 et
848 4133 1116 4199 intercedentibus
1138 4137 1259 4199 meritis
1281 4151 1313 4201 et

365 4239 561 4302 orationibus
579 4240 689 4303 vestris
708 4238 874 4302 exaudivit
896 4259 944 4299 me
967 4259 1025 4321 pro
1048 4258 1104 4297 sua
1127 4241 1312 4319 reverentia,

366 4343 421 4423 qui
448 4338 560 4403 malleo
585 4340 735 4405 bonitatis
767 4361 833 4401 suae
864 4338 980 4399 innatae
1011 4335 1164 4419 praedicto
1194 4343 1312 4421 pariete

365 4442 526 4507 confracto
551 4457 583 4508 et
608 4445 639 4506 in
664 4442 796 4505 nibilum
819 4440 956 4514 redacto,
981 4437 1179 4521 fugientibus
1205 4441 1311 4527 Baby-
