3384 5525
368 777 480 858 llos]
756 794 932 840 amaruan.
1263 787 1324 845 tea

367 948 539 1031 asperabit.
574 948 608 1011 Si
621 968 693 1010 vero
706 968 770 1010 non
783 949 966 1026 absolverit,
975 950 1059 1030 regis
1071 959 1101 1012 et
1113 948 1321 1015 cardinalium

366 1070 495 1111 suorum
521 1048 774 1130 indignationem
802 1049 960 1112 videbitur
985 1048 1147 1113 meruisse.
1202 1053 1323 1116 Dicent

366 1150 471 1213 enim:
494 1152 584 1213 Ecce
595 1148 663 1233 jam
679 1149 713 1211 in
728 1152 897 1233 propatulo
912 1162 960 1214 est
975 1150 1062 1234 qnod
1078 1152 1321 1237 archiepiscopo

365 1272 496 1333 prorsus
505 1252 605 1314 savet:
631 1249 718 1333 quod
730 1250 853 1313 domini
863 1251 945 1332 regis
954 1251 1109 1315 honorem
1120 1274 1184 1315 non
1199 1252 1318 1335 diligit:

366 1351 455 1435 quod
470 1351 655 1436 apostolicae
670 1352 755 1415 sedis
767 1354 943 1415 contemnit
954 1354 1184 1418 auctoritatem.
1223 1356 1321 1418 Potn-

367 1467 460 1516 erant
479 1453 667 1530 cardinales,
690 1454 716 1516 si
741 1454 966 1535 circumspecti
987 1463 1102 1532 essent,
1124 1456 1150 1516 si
1175 1456 1322 1521 timerent

367 1555 556 1634 Dominum,
572 1556 598 1617 si
621 1556 789 1618 brachium
805 1577 897 1617 suum
913 1577 977 1617 non
1003 1566 1159 1638 ponerent
1182 1578 1321 1634 carnem,

367 1656 528 1718 revolvere
557 1653 636 1737 quid
671 1656 873 1738 susceperint
906 1655 938 1717 in
977 1654 1144 1732 mandatis,
1174 1678 1245 1738 quae
1281 1658 1322 1720 sit

367 1756 614 1839 apostolicarum
630 1757 801 1840 conceptio
815 1757 1000 1833 litterarum,
1016 1756 1092 1839 quid
1109 1758 1252 1820 ecclesiae
1265 1780 1321 1821 ex·

365 1858 501 1939 pediret,
516 1869 547 1921 et
565 1880 584 1921 a
599 1858 756 1922 mandatis
771 1857 955 1941 hujusmodi
971 1858 1098 1941 penitus
1114 1859 1320 1923 abstinerent.

366 1961 434 2022 Aut
448 1960 476 2022 si
488 1960 648 2022 hominem
666 1961 739 2022 Deo
755 1958 987 2041 praeferendum
1001 1958 1210 2037 decreverint,
1223 1982 1320 2043 quare

365 2047 432 2123 non
448 2061 655 2145 injunxerunt
669 2062 730 2124 hoc
747 2082 864 2123 munus
879 2060 934 2124 uni
951 2082 1060 2123 eorum
1075 2062 1131 2143 qui
1147 2074 1321 2144 praesentes

365 2163 790 2241 aderant,etfestiuabantad
801 2162 956 2226 reditum?
977 2165 1060 2225 Nam
1073 2164 1320 2243 Londonieusis,

366 2265 629 2340 Sarcsberiensis‚
643 2265 866 2342 CicestrensiS,
878 2264 1120 2345 Wigorniensis,
1135 2265 1320 2331 assidebant

365 2366 422 2445 eis,
439 2378 473 2430 et
488 2367 522 2428 in
537 2368 684 2429 humeros
706 2365 902 2428 Exoniensis
921 2377 956 2428 ut
979 2364 1095 2427 dicitur
1116 2364 1320 2449 impegerunt

364 2468 427 2532 hoc
441 2490 539 2531 onus:
564 2468 665 2549 magis
677 2478 781 2530 tamen
793 2466 967 2550 imponitur
981 2467 1205 2547 Wigomiensi.
1244 2469 1319 2547 Qui,

362 2571 389 2633 si
407 2592 480 2634 vera
493 2577 568 2633 sunt
583 2592 653 2653 quar
669 2569 827 2645 dicuntur,
843 2570 917 2651 plus
933 2589 1029 2650 quarn
1044 2579 1141 2631 tantae
1155 2568 1319 2635 modestiae

365 2670 467 2734 vimm
491 2672 614 2750 deceat,
629 2674 662 2735 in
685 2673 962 2757 archiepiscopum
980 2692 1070 2733 suum
1085 2673 1237 2755 loquutus
1260 2684 1318 2737 est.

365 2772 431 2837 Sed
454 2789 643 2840 accusentur
664 2777 819 2860 episcopi.
865 2776 964 2837 Novit
986 2775 1146 2837 Dominus
1169 2778 1321 2858 quisunt

364 2876 448 2960 ejus,
462 2888 495 2941 et
514 2878 728 2942 declarabitur
749 2879 864 2940 veritas
886 2877 920 2938 in
943 2877 998 2938 illa
1020 2875 1082 2953 die,
1105 2897 1165 2938 nec
1189 2877 1318 2939 iuterim

364 2999 489 3041 nocens
498 3001 531 3042 sc
537 2980 648 3063 judice
658 2982 853 3043 absolvetur:
877 2988 909 3039 et
920 2978 975 3060 qui
985 2977 1070 3038 fratri
1082 2977 1206 3039 foveam
1218 2990 1319 3059 parat,

365 3080 490 3143 incidet
504 3081 536 3143 in
550 3102 620 3144 eam
634 3083 729 3166 prior.
761 3080 847 3153 Quid
859 3102 934 3160 ergo
946 3078 1043 3140 faciet
1053 3078 1135 3140 inter
1146 3077 1205 3140 has
1217 3078 1319 3141 tendi-

364 3178 1128 3268 culastuusetproamoretuomeusExoniensis?
1142 3180 1175 3243 Si
1183 3181 1319 3245 consilio

363 3288 468 3369 polles
479 3297 534 3350 aut
549 3288 662 3371 aliquis
673 3299 801 3350 tuorum
813 3284 956 3368 gaudens
969 3305 1007 3346 eo
1019 3295 1115 3346 utera.
1141 3284 1197 3347 Sin
1210 3296 1316 3348 autem

361 3388 396 3449 in
408 3409 447 3450 eo
459 3389 596 3466 interim,
606 3389 692 3472 quod
702 3390 770 3451 sine
783 3388 922 3451 melioris
933 3385 1121 3471 praejudicio
1133 3386 1253 3450 dictum
1267 3388 1317 3464 sit,

362 3489 546 3573 adquiesco.
591 3491 667 3553 Scio
683 3492 768 3553 enim
785 3491 872 3575 quod
887 3492 1025 3553 libenter
1039 3501 1071 3552 te
1088 3489 1177 3552 audit
1191 3490 1317 3552 Exoni·

363 3592 460 3656 ensis.
506 3591 540 3655 si
563 3592 606 3655 illi
630 3593 774 3655 venerint
794 3592 994 3668 absolvendi,
1010 3591 1153 3654 mandati
1174 3601 1316 3654 tenorem

361 3693 525 3776 inspiciat,
539 3695 660 3775 flagitet
683 3695 916 3778 poenitentiam,
932 3704 1121 3776 extorqueat
1142 3693 1316 3756 confessio·

363 3816 456 3859 nem:
494 3808 525 3858 et
548 3796 575 3858 si
596 3797 738 3861 mandati
762 3798 862 3859 forma
884 3818 948 3858 nou
974 3795 1120 3878 impedit,
1142 3797 1316 3877 legitimam

362 3896 403 3960 de
420 3897 636 3960 satisfactione
652 3899 761 3979 exigat
776 3899 971 3961 cautionem.
1017 3899 1174 3960 Ostendat
1189 3908 1221 3960 et
1240 3919 1317 3979 apo-

363 3998 494 4061 stolicas
516 3998 645 4074 litteraS,
660 4000 776 4082 quibus
800 4000 832 4060 in
849 3999 1036 4061 anteriorem
1063 3998 1251 4060 sententiam
1275 4018 1318 4060 ex

362 4100 551 4165 necessitate
566 4100 740 4185 reponendi
756 4111 840 4178 sunt,
856 4102 882 4162 si
900 4100 1148 4164 satisfactionem
1164 4100 1316 4162 exhibere

364 4201 555 4266 distulerint.
599 4203 762 4264 Exerceat
781 4200 1016 4263 admonitiones
1031 4213 1062 4262 et
1084 4220 1156 4280 quae
1177 4200 1320 4282 pericula

364 4305 561 4382 immineant,
576 4303 745 4386 diligenter
759 4314 911 4386 exponat.
956 4302 1052 4374 Quod
1068 4302 1093 4363 si
1110 4322 1168 4383 per
1187 4321 1242 4362 eos
1258 4313 1319 4363 ste-

365 4406 446 4483 terit,
463 4426 528 4487 quo
545 4404 650 4466 minus
666 4406 880 4479 absolvantur,
892 4423 942 4464 ves
957 4403 985 4464 ei
1001 4402 1033 4463 in
1050 4409 1119 4463 tuto
1134 4411 1189 4462 est.
1222 4399 1319 4468 Quod
