3384 5525
384 798 447 853 Qut
651 810 788 855 Joannrs
805 809 1084 854 sAREsBERfflNSIS
1240 792 1287 872 [A.
1305 811 1338 854 n.

429 957 538 1031 Quum
563 980 689 1023 verosa
709 959 762 1023 die
783 959 928 1046 sequenti
952 957 1136 1024 Cantuariae
1155 958 1338 1045 recepisset,

383 1071 541 1124 venerunt
555 1060 595 1125 ad
611 1083 686 1125 eum
701 1072 735 1125 et
749 1061 879 1126 alterius
890 1060 1117 1147 archiepiscopi
1127 1071 1160 1124 et
1174 1059 1339 1147 episcopo·

382 1182 452 1224 rum
468 1185 691 1248 suspensorum
704 1163 812 1228 nuncii
828 1164 869 1228 ad
884 1164 993 1227 sedem
1005 1162 1203 1249 appellantes
1213 1175 1338 1247 aposto·

382 1260 488 1344 licam,
503 1264 578 1330 licet
597 1266 643 1329 eis
657 1264 877 1332 indubitanter
899 1276 1068 1345 constaret,
1085 1265 1171 1353 quod
1194 1287 1337 1331 summus

381 1365 525 1449 pontifex
553 1390 682 1432 omnem
708 1368 891 1453 appellandi
919 1368 1116 1454 praecluserit
1140 1367 1335 1433 facultatem.

384 1468 552 1535 Venerunt
576 1492 615 1534 ex
639 1471 702 1534 alio
725 1471 824 1535 latere
851 1471 971 1535 domini
998 1472 1081 1555 regis
1103 1470 1253 1535 officiales
1279 1492 1335 1535 suo

381 1583 528 1655 rogantes
543 1573 683 1653 nomine,
697 1585 731 1637 et
745 1573 874 1658 publica
887 1574 1119 1638 denunciantes
1134 1573 1333 1651 auctoritate,

380 1687 417 1739 ut
431 1677 684 1762 archiepiscopus
698 1682 796 1742 latam
811 1676 844 1740 in
857 1677 1128 1762 archiepiscopum
1142 1676 1334 1741 Eboracens.

380 1790 414 1842 et
435 1778 512 1842 alios
534 1781 697 1865 episcopos
719 1779 910 1844 sententiam
933 1779 1098 1855 relaxaret,
1122 1777 1182 1844 nisi
1205 1778 1288 1862 regis
1303 1792 1336 1843 et

380 1880 470 1964 regni
485 1882 613 1946 decerni
637 1882 734 1946 vellet
748 1881 895 1967 publicus
916 1882 1023 1958 hostis,
1040 1881 1147 1968 utqui
1170 1903 1251 1946 novo
1266 1880 1333 1966 regi

377 2007 526 2049 eoronam
542 1984 734 2049 moliebatur
747 1985 881 2049 auferre.
917 1984 967 2048 Ad
977 1984 1063 2070 quod
1078 1983 1333 2070 archiepiscopus

378 2086 550 2171 respondit,
579 2110 612 2151 se
638 2085 728 2150 nullo
750 2087 845 2151 modo
869 2086 1057 2171 impugnare
1081 2084 1202 2169 regiam
1229 2085 1333 2170 digni·

377 2199 488 2270 tatem,
503 2188 559 2252 sed
574 2188 679 2273 potius
692 2188 785 2265 vires,
800 2210 886 2273 opes,
900 2198 933 2250 et
946 2186 1079 2271 gloriam
1092 2207 1149 2271 pro
1164 2185 1284 2251 viribus
1298 2187 1332 2251 in

379 2292 506 2356 Christo
531 2303 821 2375 augmentaturum.
862 2294 936 2354 Hoc
961 2301 1068 2354 tamen
1096 2288 1185 2354 nulla
1209 2288 1331 2355 ratione

375 2394 539 2479 impetrari
550 2416 651 2479 posse,
661 2394 738 2480 quin
751 2396 901 2458 adversus
911 2402 1157 2480 praesumptores
1168 2392 1331 2478 episcopos

376 2496 518 2560 ecclesiae
541 2518 608 2561 suae
625 2496 782 2580 justitiam
803 2505 1021 2581 prosequatur.
1061 2494 1129 2559 Illis
1150 2506 1258 2559 autem
1281 2496 1331 2559 in·

375 2597 542 2673 stantibus,
569 2596 672 2660 acrius
701 2596 829 2684 adjecit,
859 2595 945 2682 quod
975 2618 1033 2682 pro
1061 2597 1329 2665 honoredomini

374 2699 468 2785 regis,
491 2698 567 2764 licet
589 2701 618 2763 ei
645 2698 858 2785 periculosum
884 2709 968 2764 esset
993 2710 1026 2763 et
1041 2698 1122 2764 vires
1148 2699 1218 2785 ejus
1234 2720 1328 2765 exce-

373 2805 475 2884 deret,
485 2803 560 2890 quia
566 2802 667 2887 judex
679 2801 809 2866 inferior
820 2801 988 2886 superioris
998 2824 1061 2865 non
1072 2813 1176 2888 potest
1185 2802 1328 2868 relaxare

372 2907 575 2983 sententiam,
599 2917 727 2991 paratus
752 2915 821 2968 erat
850 2904 930 2968 duos
959 2903 1122 2989 episcopos
1152 2904 1326 2983 absolvere,

372 3020 502 3094 recepto
517 3007 604 3092 prius
618 3007 660 3070 ab
675 3006 720 3069 eis
740 3004 915 3070 secundum
932 3027 1053 3070 morem
1076 3005 1220 3071 ecclesiae
1238 3008 1328 3092 jura·

371 3123 491 3188 mento,
508 3109 594 3197 quod
609 3108 729 3172 domini
745 3129 848 3193 papae,
864 3108 918 3194 qui
935 3130 989 3172 eos
1004 3107 1157 3191 vinxerat,
1168 3109 1327 3173 mandatis

371 3215 548 3280 obedirent.
580 3210 740 3277 Officiales
750 3222 857 3274 autem
871 3233 934 3274 non
951 3211 1162 3296 permiserunt
1172 3224 1207 3275 ut
1223 3213 1325 3286 fieret,

369 3317 513 3381 dicentes
541 3313 723 3397 hujusmodi
747 3314 968 3396 juramentum
1005 3316 1047 3379 ab
1077 3313 1232 3399 episcopis
1261 3337 1323 3380 non

369 3416 487 3481 debere
498 3414 651 3500 praestari,
663 3415 738 3497 quia
748 3415 836 3497 regni
849 3416 1093 3480 consuetudines
1104 3416 1323 3502 impugnabat.

370 3516 552 3603 Replicavit
573 3515 614 3578 ad
632 3514 692 3577 hoc
715 3514 970 3603 archiepiscopus
992 3519 1088 3604 quod,
1105 3540 1206 3605 quum
1222 3518 1325 3584 domi·

369 3643 447 3684 num
475 3640 589 3705 papam
615 3616 717 3680 modis
739 3616 888 3682 omnibus
915 3632 1009 3684 antea
1034 3619 1265 3697 sollicitassent,
1288 3632 1324 3685 ut

367 3744 421 3787 eos
436 3720 613 3784 absolveret
632 3741 651 3783 a
665 3718 792 3784 vinculo
807 3720 1029 3797 anathematis,
1045 3743 1110 3808 qno
1125 3722 1222 3786 solius
1239 3723 1324 3788 Can·

367 3838 447 3888 tuor.
470 3821 614 3886 ecclesioe
634 3822 822 3887 auctoritate
848 3824 974 3889 fuerant
998 3824 1152 3905 innodati,
1176 3847 1240 3889 non
1263 3825 1323 3890 nisi

365 3925 507 4012 proestito
517 3925 700 4009 juramento
714 3924 834 3989 absolvi
850 3939 1031 4011 potuerunt.
1062 3928 1155 4006 Quod
1176 3928 1202 3991 si
1215 3949 1322 3992 neces·

364 4030 481 4094 sarium
507 4027 566 4090 fuit
595 4026 635 4090 ad
660 4027 752 4091 unius
776 4029 916 4115 episcopi
935 4031 1127 4095 sententiam
1148 4029 1323 4095 dissolven-

363 4131 448 4208 dam,
465 4151 538 4216 quae
553 4129 647 4212 longe
663 4141 711 4193 est
725 4129 881 4196 infirmior
895 4132 1000 4196 edicto
1019 4132 1136 4196 summi
1151 4132 1321 4218 pontificis,

362 4234 433 4298 luce
450 4230 564 4296 clarius
576 4242 623 4294 est
638 4230 723 4317 quod
735 4232 893 4296 sententia
908 4233 1081 4318 apostolica
1095 4234 1164 4298 sine
1179 4255 1228 4315 eo,
1239 4256 1322 4321 prae·

364 4337 471 4401 sertim
488 4357 506 4397 a
516 4332 626 4418 judice
643 4333 793 4411 inferiori,
810 4334 888 4398 solvi
904 4356 968 4398 non
985 4335 1093 4400 debet.
1141 4336 1194 4399 Ad
1211 4336 1319 4422 hujus·

364 4439 450 4504 modi
473 4448 506 4502 et
528 4436 647 4501 similes
669 4437 873 4522 allegationes
896 4436 1035 4523 episcopi
1057 4437 1137 4503 moti
1161 4451 1253 4502 sunt:
1277 4451 1319 4516 et,
