3384 5525
379 795 437 855 132
636 804 772 849 ausurus
788 798 1066 848 saansaaarauars
1238 784 1289 864 [x.
1308 804 1340 847 n.

380 961 530 1023 fecerant.
592 959 711 1021 Omnes
741 957 798 1041 qui
829 955 928 1019 verba
957 954 1027 1017 haec
1056 953 1231 1018 audierunt
1252 954 1339 1018 exbi-

384 1062 473 1125 larati
489 1073 584 1123 sunt:
609 1073 641 1123 et
658 1057 832 1122 Lombardi
843 1059 912 1144 jam
928 1069 1090 1143 caeperunt
1106 1056 1219 1121 mitius
1233 1079 1336 1140 agere,

384 1176 548 1249 sperantes
575 1162 733 1224 homiuem
750 1184 817 1224 esse
839 1183 1038 1224 conversum.
1086 1159 1220 1224 Interim
1242 1182 1337 1246 saepe-

380 1266 487 1330 dictus
503 1264 642 1328 marchio
655 1264 720 1348 egit
733 1286 806 1326 cum
822 1276 958 1348 cognato
970 1285 1028 1326 suo
1043 1260 1158 1326 comite
1174 1263 1338 1327 Maurian·

381 1366 469 1429 nensi
489 1378 524 1429 ut
542 1364 764 1450 imperatorem
786 1364 986 1449 permitteret
1008 1363 1128 1448 egredi,
1149 1363 1336 1449 promittens

379 1467 408 1530 ei
441 1490 502 1530 non
534 1466 629 1529 modo
652 1465 886 1529 restitutionem
909 1465 1101 1540 ablatorum,
1133 1465 1188 1529 sed
1216 1476 1336 1529 montes

380 1592 504 1645 aureos,
520 1582 552 1633 et
568 1592 640 1633 cum
659 1569 776 1631 honore
791 1583 823 1631 et
844 1568 946 1652 gloria
962 1567 1088 1653 imperii
1103 1567 1240 1652 gratiam
1257 1590 1333 1631 sem-

379 1673 545 1757 piternam.
592 1672 659 1735 Viri
677 1682 783 1733 autem
796 1670 935 1755 religiosi
951 1690 1034 1756 quos
1048 1683 1248 1748 evocaverat,
1259 1670 1335 1733 arri-

380 1784 519 1857 puerunt
542 1770 614 1846 iter,
636 1783 768 1854 excepto
790 1770 906 1835 abbate
930 1770 1142 1844 Cisterciensi‚
1166 1770 1224 1856 qui
1246 1771 1335 1855 gravi

379 1873 529 1938 detentus
543 1873 739 1949 infirmitate,
757 1874 824 1937 vice
840 1897 899 1937 sua
915 1873 1000 1938 misit
1023 1872 1187 1938 dominum
1204 1873 1335 1938 Gaulri·

379 1974 456 2037 dum
469 1973 787 2048 Autissiodorensem,
798 1974 855 2057 qui
868 1972 1099 2039 Clarevalensis
1110 1972 1218 2037 fuerat
1227 1974 1336 2051 abbas,

379 2077 577 2161 praemittens
600 2076 728 2140 fratrem
753 2076 926 2162 quendam,
951 2078 1007 2161 qui
1030 2099 1048 2140 a
1068 2088 1206 2161 tyranno
1227 2078 1336 2163 explo-

380 2194 475 2256 raret,
493 2180 546 2243 ubi
563 2193 593 2243 et
615 2178 745 2264 quando
764 2202 874 2242 eorum
893 2178 986 2243 vellet
1010 2179 1057 2243 uti
1073 2178 1243 2265 colloquio.
1289 2183 1334 2245 At

378 2282 442 2358 ille,
453 2281 565 2345 audito
577 2282 715 2346 adventu
729 2303 838 2344 eorum
852 2296 884 2346 et
901 2281 1024 2357 litteris,
1039 2282 1107 2367 jam
1119 2281 1161 2345 de
1175 2282 1266 2347 exitu
1278 2307 1335 2347 auo

377 2397 494 2459 certus,
510 2385 646 2448 induciis
660 2384 849 2470 impetratis,
861 2386 1026 2472 respondit
1041 2409 1094 2449 eos
1109 2386 1152 2449 ob
1163 2385 1246 2450 hanc
1261 2409 1333 2451 cau-

378 2507 444 2548 sam
462 2485 580 2548 frustra
596 2500 747 2550 venturos
756 2510 834 2563 esse,
846 2488 905 2550 nisi
917 2488 1064 2571 angelum
1077 2487 1118 2551 de
1129 2488 1218 2553 coelis
1228 2510 1332 2553 secum

377 2601 523 2673 patenter
545 2588 717 2667 adducant,
732 2603 788 2654 aut
812 2590 940 2654 veniant
963 2591 995 2654 in
1018 2601 1176 2677 potestate
1198 2592 1333 2657 faciendi

376 2690 541 2765 miracula,
556 2702 591 2754 ut
605 2690 725 2774 possint
735 2693 891 2755 mundare
904 2692 1055 2779 leprosos,
1065 2706 1097 2759 et
1111 2708 1255 2758 mortuos
1266 2717 1332 2760 sus-

377 2797 490 2859 citare:
513 2808 544 2858 et
558 2795 601 2857 sic
611 2793 656 2857 illi
666 2794 705 2858 ad
718 2796 846 2881 propria
857 2797 969 2860 reversi
979 2811 1061 2861 sunt.
1079 2800 1153 2861 Hoc
1161 2797 1238 2861 mibi
1248 2797 1330 2861 idem

377 2919 549 2964 conversus
564 2901 735 2975 Cartusiae,
751 2899 807 2984 qui
824 2898 1012 2984 legationem
1028 2915 1182 2985 gesserat,
1200 2900 1318 2966 retulit.

420 3004 601 3088 Imperator
622 3013 741 3077 autem,
762 3001 902 3066 collectis
923 2990 1090 3067 obsidibus
1113 3027 1196 3089 quos
1211 3004 1329 3090 disper-

378 3119 471 3180 serat,
482 3106 522 3170 ad
535 3106 672 3169 reditum
689 3127 875 3191 properans,
889 3105 975 3168 venit
986 3105 1025 3168 ad
1040 3120 1184 3170 sanctum
1198 3107 1329 3172 Ambro·

376 3204 456 3267 sium
467 3207 586 3269 habens
601 3206 726 3270 circiter
738 3211 779 3271 30
792 3205 909 3271 milites
919 3210 951 3271 in
968 3209 1122 3272 comitatu
1140 3232 1209 3288 suo,
1219 3209 1331 3274 atinde

374 3329 466 3370 mane
473 3308 659 3372 festinanter
666 3310 938 3395 egrediensprope
950 3310 1110 3375 Secusiam
1119 3315 1150 3375 in
1162 3312 1331 3377 eminentia

374 3409 539 3494 cujusdam
558 3411 673 3473 montis
683 3413 849 3498 suspendit
862 3414 1021 3499 quendam
1033 3413 1176 3478 obsidem
1194 3415 1328 3480 nobilem

330 3549 336 3562 .
374 3512 585 3588 Brixiensem,
602 3513 765 3597 imponens
780 3519 807 3580 ei
824 3515 912 3601 quod
929 3515 1159 3601 conjurationis
1177 3517 1328 3582 Italorum

372 3614 516 3677 conscius
531 3613 646 3689 suerat,
663 3628 693 3679 et
718 3617 820 3701 (quod
843 3617 916 3704 plus
931 3623 990 3700 est)
1014 3618 1132 3682 artifex
1147 3617 1330 3704 congregati

372 3719 541 3794 exercitus,
568 3717 623 3801 qui
647 3740 720 3780 eum
745 3720 786 3783 ab
815 3720 910 3783 ltalia
935 3719 1138 3806 expellebat:
1163 3719 1242 3787 alios
1257 3745 1328 3786 vero

371 3816 496 3879 obsides
511 3841 615 3880 secum
633 3819 726 3885 duxit
743 3820 827 3886 intra
843 3823 1017 3888 Secusiam.
1065 3823 1159 3889 Cives
1174 3839 1280 3890 autern
1295 3836 1325 3889 et

369 3917 480 3982 incolae
496 3917 554 3980 loci
571 3934 679 4001 portas
692 3920 798 3986 claudi
814 3923 960 3988 fecerunt
972 3925 1126 4011 appositis
1141 3927 1324 3991 custodibus

369 4017 510 4092 armatis,
526 4032 557 4083 et
573 4031 709 4104 tyranno
725 4023 851 4088 obsides
871 4025 1086 4102 abstulerunt,
1111 4027 1253 4094 dicentes
1268 4027 1322 4092 sibi

367 4122 408 4186 ab
423 4120 686 4188 aliiscivitatibus
696 4125 856 4191 excidium
867 4142 900 4192 et
910 4129 1132 4195 exterminium
1149 4131 1322 4206 imminere,

367 4227 392 4287 si
409 4222 528 4287 vicinos
545 4247 617 4287 suos
633 4240 664 4289 et
681 4227 808 4305 amicos,
820 4231 904 4294 viros
923 4231 1027 4296 Italiae
1042 4232 1265 4314 nobilissimos,
1280 4232 1320 4298 sic

363 4339 550 4411 paterentur
576 4326 694 4391 abduci
712 4330 744 4394 in
769 4333 987 4397 alemanniam
1005 4335 1220 4400 occidendos:
1244 4358 1321 4422 prae·

363 4429 469 4493 sertim
480 4450 580 4514 quum
597 4429 703 4494 adhuc
719 4434 750 4495 in
770 4434 865 4499 Italia
877 4437 1081 4523 suspenderit
1093 4437 1200 4502 virum
1213 4451 1323 4526 poten·
