3384 5525
255 779 365 859 llos]
646 796 822 842 sermons.
1154 787 1212 847 les

252 948 383 1013 domino
398 945 624 1015 cantuariensi
640 947 789 1013 scriberet
811 971 927 1034 rogans
940 961 973 1015 et
993 952 1159 1018 consulens
1175 964 1211 1018 ut

250 1052 277 1115 ei
292 1052 471 1116 dimitteret
486 1051 637 1136 injuriam
653 1072 754 1126 suam,
769 1063 802 1116 et
824 1052 929 1138 ipsum
953 1077 973 1118 a
996 1056 1209 1141 suspensionis

252 1152 407 1219 sententia
422 1157 572 1217 relaxans
586 1153 619 1216 in
641 1152 777 1237 gratiam
800 1154 954 1241 reciperet
969 1169 1000 1220 et
1016 1179 1167 1234 amorem,
1183 1156 1209 1221 si

253 1269 354 1320 tamen
372 1256 402 1320 ei
420 1256 454 1320 in
476 1257 608 1340 propria
631 1277 766 1340 persona
789 1254 829 1319 de
854 1257 1070 1323 satisfactione
1093 1258 1210 1325 suffici-

253 1371 356 1422 entem
381 1354 568 1442 praestiterit
584 1354 775 1433 cautionem,
790 1367 848 1419 aut
870 1355 952 1421 duos
974 1356 1014 1421 de
1037 1358 1210 1445 majoribus

254 1459 375 1524 clericis
404 1457 545 1522 eoclesiae
572 1480 640 1522 suae
665 1470 813 1543 excepto,
840 1457 960 1522 decano
989 1460 1210 1538 transmiserit,

253 1565 307 1648 qui
318 1563 445 1649 jurent,
460 1560 610 1647 quoniam
627 1564 798 1647 episcopus
813 1559 859 1624 eis
875 1562 1038 1626 mandavit
1053 1575 1085 1626 et
1101 1576 1211 1647 postea

254 1686 313 1728 non
351 1662 569 1739 demandavit,
600 1662 660 1727 boc
697 1674 852 1749 praestare
883 1663 1116 1748 juramentum,
1147 1686 1211 1749 quo

254 1765 353 1851 ipsius
376 1763 518 1850 episcopi
541 1763 667 1826 nomine
684 1782 717 1826 et
733 1762 800 1825 vice
818 1762 990 1849 jurabunt,
1006 1763 1094 1849 quod
1110 1762 1212 1826 archi-

254 1870 403 1954 episcopo
425 1867 466 1931 de
490 1867 691 1931 contumacia
716 1880 749 1932 et
774 1868 895 1953 injuria
921 1868 1100 1934 satisfaciet.
1157 1874 1210 1935 Ex

255 1991 318 2055 quo
339 1967 549 2055 probabiliter
570 1967 677 2052 colligi
701 1980 818 2055 potest,
842 1969 930 2056 quod
956 1968 1104 2033 dominus
1126 1992 1211 2056 papa

255 2072 440 2136 sententiam
467 2070 656 2155 legatorum,
682 2094 749 2157 qua
772 2072 840 2156 jam
872 2071 994 2136 dictum
1025 2074 1208 2159 episcopum

255 2175 471 2251 absolverunt,
485 2185 541 2236 aut
558 2172 728 2257 ignoravit,
743 2186 800 2237 aut
824 2186 924 2237 ratam
949 2173 1126 2238 habendam
1143 2197 1210 2239 esse

257 2300 316 2341 non
331 2276 479 2342 credidit.
521 2276 713 2341 Obtinuerat
729 2289 836 2340 autem
853 2277 937 2339 idem
955 2278 1120 2364 episcopus
1136 2292 1209 2342 ante

254 2378 375 2444 litteras
389 2380 457 2444 fere
471 2378 660 2456 consimiles,
676 2402 751 2464 quae
767 2391 872 2443 tamen
889 2382 992 2464 ipsum
1009 2393 1041 2445 et
1057 2404 1130 2444 suos
1145 2403 1207 2443 non

255 2482 426 2547 onerabunt
449 2481 558 2567 aliquo
579 2482 781 2567 juramento:
819 2480 874 2544 sed
898 2481 943 2545 eis
967 2483 1107 2546 nondum
1133 2505 1209 2547 usus

257 2595 312 2663 est,
338 2584 391 2648 vel
420 2582 498 2669 quia
524 2585 591 2668 regi
621 2582 866 2667 displicuerunt,
893 2583 942 2646 vel
973 2585 1050 2670 quia
1079 2584 1210 2649 minoris

257 2684 402 2749 efficaciae
417 2697 575 2772 reputatae
589 2697 673 2749 sunt.
716 2686 817 2763 Quem
834 2707 910 2749 vero
925 2686 1085 2751 calculum
1102 2709 1210 2772 repor·

258 2787 355 2852 taturi
394 2787 458 2852 siut
500 2786 657 2866 alterutri,
693 2788 893 2854 nesciebatur
933 2789 1040 2853 adbuc
1081 2789 1211 2873 quando

254 2912 399 2955 reversus
425 2901 473 2954 est
505 2889 733 2976 praedictarum
762 2892 901 2975 portitor
930 2889 1123 2964 litterarum,
1154 2887 1208 2952 sed

257 2991 403 3056 dominus
420 3013 505 3078 papa
520 2992 679 3078 rescripsit
697 2990 969 3056 christianissimo
984 2989 1051 3074 regi
1067 3012 1100 3052 se
1115 2989 1213 3053 eccle-

257 3092 309 3157 sioe
325 3093 388 3159 Dei
402 3105 435 3158 et
450 3116 508 3159 suo
524 3093 746 3157 cantuariensi
762 3115 824 3156 non
841 3091 1042 3168 defuturum,
1055 3090 1209 3178 quamdiu

257 3206 379 3277 partem
395 3193 465 3280 ejus
477 3192 603 3280 justitia
617 3193 733 3258 comite
749 3191 868 3278 poterit
884 3192 1059 3258 sublevare.

296 3297 393 3360 Nunc
414 3296 456 3359 od
480 3317 591 3380 regum
615 3307 795 3358 nostrorum
817 3294 981 3381 colloquia
1003 3307 1210 3364 transeamus.

259 3395 471 3462 illustresviri
479 3395 641 3460 chricus
649 3397 884 3482 Campanorum
893 3409 923 3460 et
932 3395 1103 3483 Philippus
1115 3397 1209 3462 Flan-

257 3499 417 3563 dreusium
432 3498 564 3562 comites
578 3510 830 3583 procuraverunt
847 3497 877 3561 in
893 3512 1052 3562 conventu
1068 3499 1207 3563 Suessio-

257 3603 343 3665 nensi
357 3621 486 3665 causam
499 3599 583 3683 regis
597 3597 725 3683 Angliae
740 3597 827 3683 apud
840 3597 1148 3663 christianissimum
1162 3622 1210 3664 re-

258 3725 337 3785 gem,
346 3716 379 3768 et
391 3702 519 3768 tandem
527 3701 625 3786 juxta
637 3722 745 3785 preces
757 3700 921 3763 memorati
933 3700 1016 3783 regis
1029 3701 1210 3785 Anglornm

256 3802 285 3866 in
298 3803 379 3867 banc
390 3803 524 3867 formam
542 3801 630 3886 pacis
644 3801 814 3865 decursum
829 3812 887 3866 est.
925 3805 996 3866 Rex
1014 3803 1210 3886 Angliaede-
1270 3828 1274 3841 ·

256 3905 350 3969 bebat
365 3904 471 3970 redire
485 3903 518 3968 in
535 3904 712 3967 hominium
729 3903 813 3987 regis
834 3903 992 3979 Franciae‚
1009 3918 1041 3967 et
1060 3905 1123 3967 fide
1143 3928 1211 3969 cor-

255 4007 406 4092 poraliter
431 4018 464 4070 et
494 4005 622 4091 publice
651 4005 728 4069 data
756 4026 863 4069 coram
888 4007 1038 4071 omnibus
1068 4007 1211 4090 profiteri

257 4109 341 4194 quod
356 4109 385 4173 ei
402 4123 555 4194 tanquam
576 4107 706 4171 domino
726 4130 785 4171 suo
806 4106 847 4170 de
868 4108 987 4173 ducatu
1004 4112 1210 4174 Normanniae

257 4211 383 4286 serviet,
407 4210 490 4275 sicut
515 4210 761 4295 praedecessores
781 4209 830 4273 sui
857 4209 953 4273 duces
979 4229 1211 4275 consueverunt

256 4316 372 4377 servire
384 4313 582 4376 Francorum
595 4311 735 4396 regibus.
766 4311 964 4375 Comitatum
978 4333 1052 4373 vero
1065 4311 1211 4392 Andega-

257 4438 384 4481 vensem
399 4428 433 4480 et
450 4416 732 4490 Cenomanensem,
743 4425 775 4476 et
787 4411 972 4477 fidelitatem
990 4434 1156 4495 procerum
1172 4408 1212 4473 ud
