3384 5525
451 769 515 828 288
710 780 848 824 iuturus
864 778 1143 823 snausssuaruums
1312 763 1359 842 [A.
1377 783 1408 829 o.

454 982 674 1045 EPISTOLA
688 979 1410 1044 cccxx11.-mprraeumnsmmmu.

800 1082 846 1156 [Α.
865 1100 894 1141 u.
915 1083 1061 1157 lita-a]

455 1221 554 1283 Petro
571 1220 684 1283 Abbati
699 1221 817 1284 Sancti
832 1221 972 1300 Remigii
995 1221 1130 1283 Domini
1149 1243 1206 1283 suo
1222 1224 1317 1285 unico
1332 1242 1413 1284 suros

497 1323 644 1385 ioannes
659 1324 698 1384 de
715 1320 834 1384 Sorisb.
854 1320 1007 1401 Salutem,
1022 1331 1053 1385 et
1071 1325 1242 1408 utriusque
1255 1326 1329 1387 citra
1344 1344 1412 1386 snc-

500 1446 614 1487 cessus.

500 1548 675 1608 DloTnan
688 1566 816 1607 caussas
823 1543 938 1608 silentii
948 1544 1080 1608 reddere
1088 1568 1149 1609 nou
1160 1523 1298 1630 oportet,
1311 1567 1409 1630 quum

457 1659 614 1711 terrarum
626 1646 694 1728 jam
711 1669 730 1708 a
746 1644 845 1709 multo
859 1658 1000 1731 tempore
1014 1647 1077 1711 sint
1090 1647 1251 1711 subtracta
1262 1668 1414 1709 commer-

456 1750 515 1829 cia,
535 1762 566 1813 ct
590 1748 854 1811 intermeantibus
876 1746 916 1810 de
938 1760 1033 1832 gente
1054 1749 1088 1811 in
1112 1762 1235 1832 gentem
1263 1749 1330 1812 sine
1352 1748 1416 1811 dis-

455 1851 573 1937 pendio
603 1849 724 1926 salutis,
747 1863 779 1913 et
803 1849 877 1915 vitae
902 1850 1042 1933 periculo
1064 1850 1197 1915 transire
1219 1874 1281 1914 non
1310 1850 1413 1913 liceat.

460 1954 523 2019 His
537 1977 624 2034 vero,
645 1953 701 2039 qui
725 1953 863 2037 suspecti
879 1952 981 2017 habiti
999 1967 1082 2032 sunt,
1096 1952 1283 2039 diligentius
1298 1974 1417 2038 praeca·

458 2054 596 2117 vendum
614 2065 672 2128 est,
689 2074 728 2114 ne
743 2075 782 2115 ex
800 2052 907 2137 aliqua
927 2052 1084 2138 probabili
1100 2053 1261 2117 occasione
1277 2050 1416 2139 publicae

461 2154 630 2240 potestatis
645 2154 723 2216 iram
742 2153 915 2217 incurrant.
948 2155 1031 2227 Quia
1045 2154 1122 2218 dnm
1139 2154 1230 2218 timet
1247 2151 1416 2238 unusquis-

459 2279 524 2342 que
550 2255 636 2342 quod
664 2255 792 2331 meruit,
816 2255 968 2320 adversus
998 2280 1071 2320 eum
1094 2279 1190 2341 quem
1214 2254 1368 2343 injustius
1383 2266 1415 2318 et

460 2358 599 2423 atrocius
614 2357 705 2432 laesit,
722 2357 848 2421 facilius
869 2357 1078 2423 excandescit.
1125 2359 1208 2422 Nam
1231 2370 1267 2424 ut
1282 2355 1326 2422 ait
1344 2356 1414 2442 qui·

459 2461 533 2526 dam
550 2460 625 2527 satis
647 2462 808 2546 eleganter
824 2472 857 2525 et
879 2483 971 2524 vere:

605 2573 701 2624 Rumor
713 2570 746 2622 de
757 2570 839 2621 veteri
851 2568 929 2622 faciet
942 2574 1050 2622 ventura
1063 2571 1158 2622 timeri.

675 2655 741 2707 Cras
752 2660 873 2724 poterunt
884 2654 941 2707 fieri
954 2657 1046 2727 turpia,
1060 2656 1127 2709 sicut
1139 2657 1209 2709 heri.

462 2745 514 2808 Ex
531 2768 597 2830 quo
616 2742 698 2807 enim
716 2742 902 2808 Altissimus
923 2743 1047 2830 patiens
1069 2743 1210 2832 quidem,
1225 2744 1279 2808 sed
1303 2745 1417 2831 procul

462 2842 562 2907 dubio
578 2840 841 2927 redditorjustus
856 2841 956 2906 erexit
973 2841 1136 2906 dexteram
1153 2845 1184 2905 in
1201 2840 1418 2918 retribuendo,

463 2958 494 3009 et
511 2944 644 3030 arripuit
656 2943 815 3029 judicium
827 2965 940 3009 manus
952 2945 1031 3029 ejus,
1042 2943 1154 3008 timent
1167 2942 1309 3031 plurimi,
1321 2943 1419 3005 neira

464 3069 497 3113 se
526 3046 566 3110 ad
593 3046 728 3110 invicem
758 3044 975 3108 collidentium
1006 3058 1200 3130 potestatum
1225 3057 1363 3108 transeat
1386 3046 1420 3108 in

463 3147 615 3225 furorem,
644 3161 676 3211 et
706 3147 868 3212 declinant
899 3149 1069 3232 impetum,
1099 3147 1199 3211 donec
1227 3147 1356 3233 justitia
1385 3146 1416 3208 in

459 3248 618 3331 judicium
643 3261 858 3323 convertatur,
883 3261 971 3313 etex
998 3249 1202 3313 conversione
1225 3248 1275 3312 vel
1299 3250 1418 3311 contri·

465 3350 550 3412 tione
564 3350 733 3435 impiorum
747 3350 913 3414 consilium
928 3350 1057 3414 Domini
1067 3351 1251 3414 innotescat.
1275 3349 1421 3427 Interim,

467 3449 689 3537 praestoiamur
704 3451 737 3512 in
750 3450 876 3514 silentio
893 3451 1029 3517 salutare
1041 3453 1115 3529 Dei,
1128 3465 1251 3517 certum
1263 3451 1419 3514 habentes

465 3550 553 3637 quod
570 3550 723 3637 patientia
739 3573 915 3636 pauperum
933 3575 995 3616 non
1010 3553 1127 3639 peribit
1144 3557 1175 3616 in
1191 3554 1297 3618 finem.
1325 3553 1422 3616 Nunc

467 3653 621 3739 siquidem
635 3651 807 3737 plurimum
816 3655 991 3717 necessaria
1000 3668 1058 3731 est,
1072 3678 1156 3718 nuuc
1168 3666 1301 3741 opusest
1314 3653 1422 3732 armis,

466 3777 550 3818 nunc
558 3753 818 3838 pectorefirmoin
828 3756 976 3819 Domino.
994 3756 1422 3842 Audiunturenimundique

466 3871 600 3921 terrores
616 3868 647 3920 et
661 3856 825 3941 opiniones
840 3857 1005 3921 beliorum.
1038 3858 1250 3922 Crebrescunt
1265 3857 1421 3936 incendia,

466 3971 509 4038 et,
525 3957 581 4045 qui
594 3958 700 4022 hostes
715 3959 891 4024 debuerant
907 3983 1101 4047 expugnare,
1117 3960 1149 4024 in
1165 3959 1308 4046 praedam
1318 3972 1421 4023 trans-

467 4072 554 4124 eunt.
601 4061 645 4122 Et
657 4081 717 4122 non
730 4060 824 4123 modo
835 4061 876 4124 ab
889 4061 1059 4147 Aquilone,
1074 4062 1127 4125 sed
1139 4085 1157 4124 a
1167 4074 1307 4147 quatuor
1317 4059 1422 4126 ventis

466 4149 537 4227 coeli
553 4162 583 4225 in
597 4161 766 4248 perniciem
784 4163 978 4248 populorum
993 4164 1056 4227 olla
1066 4163 1279 4228 succenditur.
1303 4166 1386 4227 Nam
1404 4185 1424 4225 a

466 4261 668 4349 generatione
683 4262 755 4339 ista,
770 4285 832 4326 non
851 4263 945 4327 modo
957 4263 1013 4327 filii
1031 4263 1196 4328 Barachiae
1210 4264 1349 4346 sanguis,
1364 4261 1423 4347 qui

466 4374 634 4453 plusquam
659 4367 739 4430 inter
762 4367 915 4453 templum
934 4380 964 4432 et
981 4367 1079 4432 altare
1102 4390 1204 4454 nuper
1226 4373 1347 4432 effusus
1363 4378 1424 4444 est,
