3384 5525
370 735 479 814 llos]
760 754 938 799 umsrona.
1265 745 1325 804 175

370 902 553 985 sapientiae:
583 900 718 965 Amicus
739 924 801 966 non
823 917 1033 988 cognoscetur
1052 905 1085 969 in
1112 905 1214 986 bonis,
1235 920 1267 971 et
1291 907 1323 970 iu

367 1003 458 1069 malis
482 1025 545 1067 non
574 1003 788 1068 abscondetur
811 1005 968 1070 inimicus.
1013 1009 1180 1073 Nostrates
1205 1022 1323 1085 manet,

368 1105 456 1191 quod
472 1104 540 1169 sine
555 1104 666 1169 dolore
680 1128 742 1168 non
766 1105 908 1191 eloquor,
922 1111 992 1173 haec
1014 1109 1188 1193 ignominia
1208 1113 1324 1195 sempi-

369 1216 466 1271 terna.
492 1208 560 1271 Nec
572 1207 633 1270 boc
644 1205 780 1270 dixerim
789 1207 877 1291 quod
890 1209 1027 1274 fidelitas
1038 1210 1105 1294 regi
1117 1210 1260 1295 praestita
1271 1209 1324 1276 lae-

367 1306 462 1372 datur
483 1308 525 1371 ab
540 1307 661 1393 aliquo,
683 1306 742 1370 nisi
764 1307 848 1371 forte
863 1309 904 1373 sit
924 1314 1066 1393 praestita
1087 1324 1198 1375 contra
1216 1311 1322 1375 fidem.

368 1410 451 1472 Nam
475 1410 520 1473 sic
541 1410 702 1474 interdum
726 1410 805 1473 fides
827 1411 970 1495 exigitur
992 1426 1024 1477 ct
1053 1426 1238 1498 praestatur‚
1265 1415 1322 1478 ubi

366 1510 466 1575 satius
481 1524 529 1576 est
551 1511 717 1598 poenitere,
734 1534 831 1597 quam
853 1513 981 1597 perdita
1000 1515 1131 1577 caritate
1154 1515 1215 1577 sub
1239 1536 1321 1600 prae·

365 1624 455 1677 textu
472 1613 637 1678 fidelitatis
650 1613 746 1677 fidem
762 1613 944 1698 periclitari.
968 1614 1093 1678 Veritas
1109 1614 1187 1699 quia
1198 1614 1322 1679 directa

364 1726 489 1778 estnon
510 1714 607 1778 babet
629 1714 786 1799 angulos:
811 1715 914 1799 etqui
937 1738 970 1778 se
992 1716 1157 1779 mendacio
1177 1716 1243 1779 solo
1264 1739 1321 1802 op

366 1817 460 1901 perit,
472 1814 581 1879 nudus
591 1829 640 1880 est
646 1839 655 1893 ;
671 1814 731 1878 hoc
740 1815 986 1901 proscribendus
998 1815 1094 1880 sensit
1107 1816 1223 1880 Adam.
1248 1819 1321 1879 Non

365 1928 411 1980 est
421 1918 533 2003 justus
554 1931 658 1982 metus
681 1918 737 2001 qui
752 1916 853 1981 divini
873 1919 1014 1982 mandati
1037 1930 1255 2003 contemptum
1276 1917 1322 1982 in-

364 2018 456 2103 gerit.
504 2019 612 2083 Rarus
632 2032 687 2082 aut
713 2019 821 2103 potius
841 2018 950 2084 nullus
971 2020 1091 2106 estqui
1116 2043 1178 2083 non
1205 2019 1321 2084 babeat

365 2142 514 2184 arcanum
538 2120 606 2205 regi
628 2119 837 2207 incognitum,
853 2133 885 2184 et
907 2124 961 2207 qui
983 2145 1023 2185 ex
1046 2120 1223 2185 delatorum
1246 2146 1320 2185 con·

368 2222 498 2287 scientia
512 2221 609 2287 faciat
623 2244 732 2285 omnes
747 2238 904 2307 sumptus.
933 2226 1015 2288 Haeo
1030 2247 1069 2287 ex
1084 2224 1227 2300 caritate,
1243 2226 1321 2310 quia

366 2345 405 2385 ex
421 2346 458 2388 ea
472 2338 706 2410 processerunt,
719 2346 777 2410 par
792 2336 840 2387 est
857 2323 1071 2410 interpretari.

406 2615 630 2680 EPISTOLA
653 2616 961 2682 coalitum-ln
974 2638 1129 2682 sorannu
1146 2638 1274 2683 munau.

610 2735 810 2783 scissorum.
854 2721 899 2795 [a.
912 2739 941 2783 n.
962 2722 1071 2802 llos]

404 2882 519 2946 Joanni
532 2883 719 2946 Pictooiemi
733 2886 882 2968 Episcopo
895 2884 1025 2948 Joounes
1039 2885 1274 2948 saresberiensis.

410 3024 583 3089 Mmarua
605 3025 736 3089 fortasse
756 3038 860 3089 vestra
882 3022 1040 3098 discretio,
1061 3021 1147 3108 quod
1171 3020 1318 3085 dominus

328 3115 332 3123 ’
368 3125 606 3192 Cantuariensis
625 3126 819 3213 colloquium
842 3127 925 3211 regis
948 3124 1087 3209 Angliae,
1110 3123 1196 3210 quod
1215 3134 1319 3187 vestra

364 3241 588 3316 procuraverat
602 3229 768 3311 industria,
778 3230 907 3316 respuit,
924 3251 1023 3316 quum
1039 3239 1133 3292 antea
1148 3226 1264 3313 saepius
1277 3226 1319 3290 ad

366 3331 560 3419 colloquium
593 3332 663 3416 ejus
699 3331 866 3396 accesserit
902 3354 964 3396 non
1002 3343 1140 3414 rogatus,
1170 3340 1204 3393 et
1233 3329 1319 3415 quod

363 3435 499 3521 amplius
513 3445 572 3515 est,
588 3447 712 3520 spretus
731 3435 765 3498 in
787 3433 1013 3499 contumeliam
1033 3433 1162 3509 Christi,
1179 3443 1213 3496 et
1227 3432 1320 3496 variis

363 3536 494 3601 affectus
515 3535 649 3620 injuriis.
695 3536 774 3600 Erat
796 3535 883 3599 enim
907 3535 1040 3620 cupidus
1062 3534 1148 3619 pacis
1170 3555 1247 3614 suae,
1262 3533 1318 3597 sed

363 3638 586 3703 ecclesiasticae
600 3637 797 3702 liberationis
816 3637 911 3722 longe
932 3637 1093 3722 cupidior:
1118 3636 1174 3700 sed
1188 3647 1221 3699 et
1236 3634 1319 3700 salu-

363 3751 428 3803 tem
446 3740 530 3824 regis
545 3751 579 3803 et
593 3738 738 3823 gloriam,
755 3752 787 3803 et
802 3738 975 3802 liberorum
992 3739 1060 3822 ejus
1075 3736 1318 3801 iudemnitatem

363 3842 502 3906 maxime
526 3841 686 3926 cupiebat.
733 3842 787 3907 Ob
809 3841 867 3906 bas
890 3863 965 3925 ergo
988 3861 1166 3903 caussasse
1189 3852 1222 3903 et
1247 3861 1319 3903 suos

363 3942 525 4022 conviciis,
551 3944 762 4025 contumeliis,
784 3957 818 4008 et
840 3943 933 4007 variis
954 3942 1112 4028 periculis,
1137 3953 1171 4005 ut
1195 3953 1318 4005 taceam

362 4044 487 4111 labores
498 4058 532 4110 et
542 4059 698 4132 sumptus,
711 4046 865 4132 exposuit,
877 4046 953 4109 dum
970 4046 1120 4131 perviam
1133 4042 1320 4108 humilitatis

363 4169 476 4234 pacem
491 4150 656 4214 reformari
670 4172 761 4234 posse
776 4149 857 4213 ratio
873 4149 1036 4213 suadebat.
1070 4148 1134 4211 Sed
1149 4158 1317 4232 postquam

365 4251 474 4316 multis
488 4262 522 4316 ot
535 4251 711 4317 manifestis
730 4251 859 4336 agnovit
877 4251 1013 4328 indiciis,
1028 4251 1114 4336 quod
1128 4249 1181 4313 ille
1197 4247 1318 4310 domini

362 4372 453 4437 papae
469 4353 624 4439 patientia
640 4375 765 4438 semper
779 4351 881 4436 magis
896 4374 932 4414 ac
948 4350 1047 4434 magis
1063 4350 1214 4425 abutitur,
1230 4346 1318 4409 etde
