3384 5525
272 815 379 895 ilua]
649 832 828 877 suasione.
1163 819 1225 875 ‘275

266 984 374 1067 gentia
389 1005 565 1069 prosequar
586 984 619 1047 id
640 983 671 1046 iu
692 982 779 1068 quod
802 1006 834 1045 se
855 980 1027 1046 ostendunt
1045 980 1152 1045 studia
1167 1003 1222 1065 po-

264 1088 394 1150 tiorum.
439 1086 483 1149 Et
501 1100 603 1150 vestra
626 1084 759 1171 quidem
782 1083 932 1148 sanctitas
957 1082 1059 1146 eidem
1082 1081 1219 1145 ecclesiae

265 1204 389 1267 semper
403 1183 505 1248 astitit
526 1183 557 1245 iu
579 1183 743 1247 laboribus
758 1183 831 1263 suis,
848 1197 881 1247 et
901 1181 1084 1247 meritorum
1101 1193 1220 1246 vestro-

265 1303 336 1344 rum
357 1283 619 1346 concurrentibus
640 1281 741 1346 titulis
762 1282 920 1365 gloriosus
943 1294 1064 1368 martyr
1084 1305 1217 1367 agonem

265 1404 357 1445 suum
388 1383 522 1447 feliciter
550 1383 794 1459 consummavit,
824 1395 857 1448 et
891 1383 994 1447 clerus
1023 1396 1133 1469 optata
1162 1384 1218 1447 diu

267 1484 478 1548 consolatione
501 1484 645 1570 respirat.
691 1488 799 1558 Quum
822 1484 905 1548 enim
936 1486 1083 1549 domiuus
1113 1499 1219 1550 noster

265 1608 321 1649 rex
347 1586 528 1670 Anglorum
552 1586 695 1671 praefatae
718 1586 866 1666 ecclesiae,
889 1589 971 1650 sicut
995 1608 1051 1671 per
1073 1586 1219 1649 officiales

266 1706 338 1750 suos
359 1687 516 1773 episcopis
536 1702 568 1751 et
591 1688 676 1751 clero
697 1687 848 1762 innotuit,
864 1686 995 1750 liberam
1017 1690 1217 1752 concessisset

263 1788 400 1873 eligendi
417 1789 476 1852 sibi
492 1788 763 1875 archiepiscopum
779 1787 978 1854 facultatem:
1002 1789 1128 1853 tandem
1146 1812 1218 1852 cou-

264 1890 466 1953 curreutibus
485 1912 595 1953 eorum
616 1889 668 1974 qui
695 1888 725 1951 in
749 1889 862 1974 majori
885 1888 1007 1972 degunt
1023 1889 1164 1965 ecclesia,
1186 1904 1218 1954 et

265 1990 399 2055 aliorum
426 1992 517 2072 rotis,
540 1992 687 2056 canonice
717 2004 932 2055 convenerunt
963 1992 995 2054 iu
1023 1992 1139 2068 virum,
1165 1997 1218 2059 cui

265 2092 374 2156 divina
395 2108 559 2180 praeeunte
584 2096 689 2178 gratia
717 2093 893 2157 litterarum
919 2092 1057 2157 eruditio
1080 2095 1120 2155 ad
1143 2093 1217 2156 doc·

265 2195 380 2259 trinam
411 2197 648 2281 suffragabitur,
678 2197 746 2260 vita
774 2195 919 2280 proficiet
953 2194 993 2258 ad
1024 2194 1218 2281 exemplum,

265 2298 421 2383 elegantia
432 2322 553 2365 morum
565 2300 798 2385 promerebitur
810 2298 946 2381 gratiam
957 2297 1219 2378 cohabitantium,

264 2401 415 2464 facundia
430 2401 563 2465 verbum
582 2402 646 2465 Dei
663 2398 829 2463 salubriter
844 2398 1052 2484 dispensabit.
1100 2400 1133 2463 Si
1149 2402 1219 2486 qui-

265 2501 336 2565 dem
363 2502 545 2567 indubitata
567 2524 639 2587 spes
667 2514 726 2576 est,
752 2499 839 2585 quod
867 2499 1094 2574 sanctissimus,
1121 2524 1217 2585 quem

265 2627 388 2690 semper
403 2604 515 2668 dilexit
536 2618 568 2668 et
591 2602 701 2678 coluit,
717 2600 957 2665 necessitatibus
977 2602 1047 2685 ejus
1063 2613 1217 2686 patronus

264 2706 409 2772 accedet:
445 2719 476 2770 et
507 2728 602 2792 quem
632 2726 842 2770 successorem
872 2702 1002 2788 elegisse
1032 2717 1064 2768 et
1094 2727 1219 2769 vocasse

265 2807 350 2872 visus
366 2820 412 2870 est
434 2806 474 2869 ad
495 2807 645 2881 laborem,
662 2827 849 2890 promovere
870 2804 1018 2891 disponat
1034 2806 1075 2870 ad
1091 2806 1218 2891 partici-

265 2909 351 2994 pium
374 2909 595 2973 consolationis
616 2923 648 2973 et
670 2908 793 2993 gloriae.
840 2910 874 2970 Is
895 2923 941 2972 est
964 2907 1149 2973 venerabilis
1170 2909 1218 2971 vir

266 3010 351 3085 Ric,
376 3008 537 3092 quondam
563 3009 648 3093 prior
673 3008 812 3073 ecclesiae
840 3009 1043 3085 DoverensiS,
1069 3031 1128 3093 pro
1154 3032 1219 3094 quo

264 3109 441 3174 sanctitatis
457 3123 570 3173 vestrae
585 3111 720 3194 genibus
738 3110 938 3195 provolutus,
955 3122 1074 3196 quanta
1089 3132 1219 3196 possum

264 3211 432 3276 devotione
457 3211 612 3296 supplico,
633 3213 785 3297 quatinus
806 3215 836 3277 ei
859 3213 1022 3277 dexteram
1046 3212 1159 3298 gratiae
1185 3225 1216 3278 et

263 3337 356 3400 opem
379 3312 501 3376 consilii
523 3313 692 3378 clementer
716 3315 858 3400 porrigat
884 3314 1071 3379 excellentia
1093 3330 1216 3380 vestra:

265 3430 297 3480 et
311 3415 460 3494 ecclesiae,
480 3438 578 3499 quam
601 3415 641 3480 de
657 3417 825 3502 naufragio
848 3415 990 3481 traxistis
1013 3416 1055 3481 ad
1076 3431 1218 3502 portum,

265 3518 386 3582 labores
407 3531 436 3582 et
461 3518 625 3602 angustias
647 3531 758 3605 optato
781 3519 894 3583 solatio
916 3519 1069 3584 relevetis.
1117 3519 1157 3583 Id
1173 3521 1220 3585 ita

264 3620 394 3684 demum
421 3620 598 3705 proveniet,
625 3621 651 3685 si
678 3620 823 3705 dignatio
844 3633 949 3685 vestra
975 3621 1158 3699 obtinuerit,
1181 3633 1218 3685 ut

264 3721 395 3802 electus,
423 3740 552 3805 accepto
575 3724 820 3787 consecrationis
850 3745 992 3801 munere,
1021 3723 1218 3809 plenitudine

265 3823 403 3908 gaudeat
432 3825 607 3909 potestatis,
636 3836 671 3888 ut
695 3826 765 3887 Deo
791 3823 935 3888 debitum
960 3825 1092 3888 reddere
1117 3827 1218 3912 possit

264 3924 465 4009 obsequium,
477 3938 508 3991 et
523 3926 739 4010 indigentibus
751 3926 897 3990 solatium
914 3926 1073 3992 exhibere.
1112 3929 1219 4007 Quod,

265 4027 459 4090 serenissime
481 4040 513 4092 et
535 4027 715 4091 dulcissime
737 4041 839 4113 pater,
861 4040 950 4092 tauto
972 4028 1073 4111 magis
1095 4052 1218 4093 necesse

264 4128 369 4191 habeo
391 4134 563 4214 postulare,
579 4143 701 4213 quanto
721 4131 831 4214 majori
857 4153 926 4194 meo
946 4129 1125 4194 discrimine
1145 4129 1217 4214 qui-

265 4230 338 4294 dam
355 4232 481 4295 mentiri
496 4233 565 4296 ausi
588 4246 672 4308 sunt,
688 4232 775 4317 quod
792 4256 852 4316 ego
872 4232 957 4316 apud
973 4255 1028 4295 vos
1044 4245 1075 4294 et
1091 4253 1146 4313 per
1163 4256 1218 4295 vos

264 4333 527 4398 consecrationem
544 4335 613 4419 ejus
625 4334 788 4397 debuerim
805 4333 985 4420 impedisse.
1024 4335 1095 4394 Hoc
1110 4346 1217 4396 autem

265 4434 469 4499 falsissimum
485 4460 552 4501 esse
574 4436 661 4500 novit
684 4439 783 4514 Deus,
798 4450 829 4500 et
848 4434 1005 4498 sinceritas
1021 4432 1218 4500 couscientia

717 4555 737 4597 r
753 4543 772 4598 2
