3384 5525
367 736 476 819 lieu]
748 752 925 797 nrrsronn.
1276 739 1317 795 37

403 993 625 1058 EPlSTOLA
650 991 844 1055 COIL-an
857 1008 1015 1054 colunnas
1030 1007 1277 1053 ercravruusnrr

607 1110 805 1155 nrrscoeou.
854 1092 900 1172 [a.
909 1110 940 1153 n.
960 1090 1068 1171 lien]

497 1212 637 1275 Βοπιὶηο
650 1211 778 1273 loanni
793 1211 991 1273 Pictooicnac‘
1004 1213 1079 1291 epis.
1095 1211 1129 1273 J.
1145 1210 1182 1275 S.
1292 1225 1295 1231 '

407 1333 673 1394 Lrnrenanrrarrs
695 1336 806 1390 vestrae
836 1326 991 1390 sedulitas
1012 1349 1079 1390 non
1101 1338 1166 1391 tam
1196 1326 1315 1391 crebris

363 1454 459 1517 quam
475 1430 636 1495 continuis
659 1440 692 1492 et
713 1428 908 1512 perennibus
922 1428 1089 1491 beneficiis
1113 1439 1316 1511 promeretur,
1412 1476 1415 1481 .

361 1549 398 1599 ut
408 1557 474 1598 non
489 1533 531 1597 ad
542 1534 733 1617 frequentes
744 1530 802 1594 sed
814 1531 855 1594 ad
870 1551 1028 1615 perennes
1040 1532 1130 1594 vobis
1146 1531 1315 1612 gratiarum

364 1648 472 1699 tenear
486 1634 638 1699 actiones.
683 1633 810 1696 Teneor
829 1631 958 1716 quidem
971 1633 1177 1716 teneborque
1202 1652 1316 1713 perpe·

364 1748 430 1814 tuo,
452 1738 497 1800 Et
525 1757 590 1818 quo
619 1737 693 1819 plus
722 1734 856 1798 sincere
886 1734 1074 1810 affectionis,
1096 1733 1182 1817 quod
1213 1733 1316 1795 solum

365 1860 508 1923 possum,
523 1838 565 1902 ad
580 1859 721 1921 praesens
735 1836 925 1919 rependero,
941 1857 980 1900 eo
996 1836 1133 1919 amplius
1149 1846 1181 1898 et
1200 1833 1317 1897 arctius

364 1962 494 2004 menon
509 1940 622 2005 dubito
633 1939 777 2020 obligari.
816 1940 902 2002 Nam
916 1938 950 2001 in
965 1936 1104 2001 caritatis
1118 1946 1318 1999 contractum

366 2041 583 2105 indubitanter
606 2040 701 2118 venit,
724 2050 758 2104 et
783 2038 968 2121 specialiter
990 2038 1123 2115 obtinet,
1147 2049 1183 2100 nt
1207 2036 1318 2099 habita

364 2144 513 2208 reddatur
523 2165 649 2228 semper
660 2153 692 2206 et
705 2152 741 2206 ut
750 2142 812 2205 nisi
823 2140 949 2204 reddita
960 2141 1142 2204 nullatenus
1153 2142 1317 2204 habeatur.

366 2245 432 2310 Sed
446 2257 601 2329 qnantum
612 2257 660 2308 est
670 2245 734 2309 hoc
750 2243 838 2328 quod
854 2264 905 2307 me
919 2252 1029 2316 totum,
1042 2243 1076 2306 id
1092 2254 1141 2307 est
1153 2243 1317 2306 hominem

366 2348 500 2411 Parvum
514 2348 654 2424 nomine,
669 2346 819 2410 facultate
835 2345 1002 2422 minorem,
1018 2346 1183 2409 minimum
1206 2346 1317 2408 merito

367 2451 459 2512 vobis
474 2449 584 2513 deberi
598 2449 759 2532 profiteor.
805 2448 890 2510 Nam
907 2458 1008 2510 totum
1023 2447 1109 2511 istud
1132 2469 1191 2530 pro
1207 2448 1317 2509 merito

367 2572 479 2633 parum
495 2561 553 2613 est.
591 2549 656 2613 Sed
672 2549 748 2613 dum
760 2570 887 2612 mecum
897 2549 931 2611 in
947 2550 1069 2614 ratione
1081 2550 1148 2613 dati
1158 2548 1321 2626 beneficii,

367 2652 576 2714 humanitatis
598 2650 763 2727 exhibitae,
784 2652 922 2733 profusae
944 2652 1143 2715 liberalitatis
1169 2663 1319 2714 contrax-

368 2753 439 2814 istis
468 2752 637 2815 affectione
666 2751 825 2832 religiosa,
853 2753 1018 2834 obligastis
1048 2754 1140 2817 vobis
1170 2765 1202 2816 et
1229 2753 1320 2815 illum

368 2863 483 2929 totum,
499 2852 555 2936 qui
570 2871 748 2913 mensuram
764 2852 884 2913 bonam
899 2863 932 2914 et
952 2852 1143 2932 coagitatam
1157 2863 1189 2915 te
1213 2873 1321 2934 super·

366 2955 553 3018 effluentem
571 2950 719 3017 mercede
736 2952 888 3034 centupla
909 2950 1055 3015 refundet
1076 2952 1110 3014 in
1133 2953 1237 3016 sinum
1253 2975 1320 3017 ves·

368 3054 460 3120 trumss
506 3056 626 3117 Totum
642 3053 785 3136 inquam,
800 3065 831 3115 et
845 3051 1039 3116 fiducialiter
1057 3052 1192 3116 dixerim
1208 3063 1322 3136 totum,

371 3158 426 3243 qui
448 3151 528 3219 nulli
551 3153 638 3218 cedit
658 3154 692 3216 in
716 3166 857 3235 partem:
887 3155 983 3218 Licet
1004 3167 1036 3218 et
1058 3156 1190 3238 singulis
1212 3157 1321 3221 electis

373 3259 541 3340 gratiarum
558 3277 635 3319 usus
650 3255 794 3318 conferat
807 3257 975 3337 speciales,
991 3258 1039 3320 sui
1062 3268 1169 3323 temen
1191 3279 1322 3322 munere

370 3362 493 3442 integro
507 3382 574 3424 non
590 3359 711 3432 deciso,
727 3380 786 3422 nec
809 3358 961 3423 distracto
983 3361 1214 3444 particulatim:
1246 3361 1323 3445 quia

370 3464 470 3527 cuivis
485 3474 570 3526 totus
585 3461 684 3540 adest,
701 3472 756 3525 aut
771 3473 857 3525 totus
873 3462 1018 3539 elabitur,
1033 3462 1086 3527 hic
1102 3472 1187 3527 certe
1206 3485 1239 3527 se
1262 3487 1320 3549 pro

371 3586 422 3627 me
443 3575 544 3628 totum
567 3564 673 3641 debet,
688 3576 720 3627 et
741 3562 954 3647 proculdubio
977 3574 1077 3626 totum
1099 3564 1224 3645 reddet,
1244 3589 1322 3650 quo·

371 3667 458 3729 niam
474 3667 580 3730 fidelis
595 3677 643 3729 est
657 3667 690 3728 in
712 3666 879 3748 promisso,
895 3675 927 3727 et
950 3665 1269 3732 munificentissimus
1289 3671 1325 3733 in

372 3767 588 3831 retribuendo.
634 3767 742 3829 Securi
767 3766 844 3829 estis
869 3776 900 3828 et
926 3767 1099 3849 sequimini
1122 3767 1219 3830 fidem
1243 3770 1324 3854 ejus,

371 3883 407 3933 nt
422 3891 456 3932 se
472 3869 512 3932 de
528 3867 678 3933 mandato
697 3878 730 3931 et
749 3868 906 3952 promisso
922 3868 1022 3930 teneri
1041 3869 1231 3949 meminerit,
1246 3894 1325 3955 prae-

371 3971 482 4034 sertim
497 3993 571 4033 cum
582 3969 800 4052 operatoribus
811 3969 1039 4033 misericordiae
1055 3972 1219 4054 publicum
1231 3995 1326 4036 evan·

372 4072 450 4154 gelii
465 4072 699 4136 munimentum
716 4071 851 4150 dederit,
866 4071 951 4155 quod
968 4072 1155 4136 confirmare
1179 4074 1327 4157 diguatus

374 4185 425 4237 est
441 4175 624 4238 charactere
641 4174 745 4236 crucis
761 4196 837 4251 suae,
853 4185 885 4238 et
900 4175 1052 4254 insignire
1076 4178 1231 4257 sauguine
1255 4197 1325 4259 pro-

374 4276 457 4357 prio.
502 4275 585 4337 Haec
608 4295 684 4355 ergo
710 4276 768 4338 erit
792 4276 1003 4338 miserationis
1026 4286 1137 4338 vestrae
1163 4278 1327 4339 retributio

376 4376 528 4458 copiosa3
566 4375 636 4438 haec
663 4377 867 4439 humanitatis
898 4376 1050 4438 exhibitas
1078 4376 1183 4437 divina
1209 4397 1329 4438 meroes
