3384 5525
461 789 503 846 20
735 796 871 841 scaurus
886 793 1160 839 saansnnrunusrs
1323 777 1372 849 [s.
1397 793 1432 837 n.

468 951 596 1036 poterit,
612 951 639 1013 si
654 949 835 1034 injuriando
851 948 1010 1011 Ecclesiae
1033 957 1065 1010 et
1080 947 1276 1029 pauperibus
1298 946 1429 1009 Christi

469 1054 576 1116 Deum
592 1052 654 1115 sibi
674 1048 848 1115 reddiderit
868 1048 1043 1125 inimicum,
1058 1049 1114 1111 sed
1135 1049 1206 1111 Deo
1221 1048 1426 1131 propitiante

468 1176 534 1218 non
554 1155 659 1230 faciet,
682 1152 768 1237 quod
789 1152 986 1235 principatus
1008 1151 1056 1213 sui
1072 1149 1202 1231 gloriam
1218 1149 1343 1211 'debeat
1361 1150 1427 1211 ob·

468 1257 602 1332 fuscare,
618 1277 679 1320 nec
694 1268 807 1318 contra
824 1254 931 1315 Deum
951 1265 1119 1337 praesumet
1135 1251 1175 1314 de
1196 1252 1347 1316 facilitate
1365 1263 1426 1314 aut

467 1360 575 1443 potius
590 1358 715 1422 fallacia
735 1377 952 1431 successuum,
967 1356 1021 1440 qui
1036 1356 1182 1417 meminit
1201 1375 1297 1437 quam
1319 1354 1426 1416 fallax

463 1472 517 1524 est
536 1481 636 1544 eques
656 1459 697 1523 ad
720 1461 865 1522 salutem.
911 1459 1028 1521 Asahel
1053 1458 1218 1520 velocitate
1240 1476 1363 1530 cervos,
1385 1465 1426 1517 ut

469 1561 565 1623 refert
591 1560 733 1637 historia,
755 1560 909 1637 anteibat,
929 1571 962 1622 et
984 1558 1172 1641 pernicitate
1197 1554 1347 1619 currendi
1367 1577 1421 1619 ca-

467 1662 553 1745 prais
574 1664 785 1746 praevalcbat:
820 1661 877 1725 sed
898 1662 974 1744 quia
999 1661 1131 1742 agilitati
1154 1660 1250 1723 nimis
1272 1657 1423 1734 indulsit,

467 1764 591 1827 hostem
606 1785 801 1847 persequens
816 1764 999 1845 fugientem,
1014 1784 1086 1825 eum
1111 1762 1217 1844 coegit
1236 1773 1271 1823 ut
1286 1761 1425 1823 instanti

466 1865 594 1929 fatalem
609 1867 736 1927 inferret
753 1866 891 1948 plagam,
907 1866 961 1945 qui
977 1865 1074 1927 fatum
1097 1863 1298 1946 disposuerat
1320 1862 1423 1925 decli-

467 1988 544 2030 nare
569 1989 625 2050 per
647 1967 763 2049 fugam.
814 1966 911 2046 Fugit
936 1965 1094 2029 interdum
1122 1966 1269 2031 Christus
1295 1987 1315 2028 a
1338 1965 1422 2029 facio

469 2070 701 2152 persequentis,
712 2067 768 2131 sed
784 2090 829 2131 rae
845 2068 1059 2152 impoenitenti
1076 2070 1109 2132 in
1119 2089 1212 2152 quem
1229 2080 1424 2152 provocatus

469 2185 558 2236 torvo
568 2171 699 2253 respicit
708 2171 811 2233 oculo.
838 2170 947 2233 Saluta
958 2172 1064 2234 socios
1073 2172 1209 2235 curiales
1219 2171 1424 2253 quiexcom·

469 2272 624 2336 municati
639 2292 704 2334 non
720 2283 803 2334 sunt.

468 2561 689 2625 EPISTOLA
705 2560 925 2624 CXCV.—an
936 2579 1015 2623 nas.
1028 2579 1219 2624 wanrnaun
1231 2579 1275 2624 nn
1287 2581 1422 2627 manns.

835 2659 880 2738 [u.
899 2680 929 2723 n.
947 2660 1056 2740 true]
1136 2696 1140 2704 ·

738 2822 786 2883 Μ.
804 2821 959 2884 Gualtero
973 2823 1012 2884 de
1026 2820 1152 2884 Insula.

509 2976 746 3039 Dlnruurums
756 2970 875 3037 silentii
887 2975 948 3038 mei
959 2973 1031 3057 jure
1044 2974 1200 3037 rideretur
1211 2994 1281 3036 esse
1295 2974 1421 3040 desidis

465 3079 560 3144 amici
574 3087 630 3138 aut
644 3077 847 3157 negligentiae
862 3088 1093 3156 argumentum,
1109 3076 1168 3139 nisi
1186 3077 1290 3140 causis
1303 3081 1427 3161 proba·

465 3182 593 3255 bilibus,
609 3198 689 3260 quaa
708 3177 800 3241 Deus
819 3188 964 3254 evacuet,
979 3178 1162 3262 hujusmodi
1182 3180 1323 3264 suspicio
1344 3203 1423 3264 pur-

466 3291 601 3363 garetur.
638 3279 705 3340 Eas
720 3277 762 3338 ad
782 3299 924 3359 praeseus
942 3280 1078 3361 allegare
1096 3303 1161 3343 uon
1185 3282 1328 3365 expedit,
1344 3285 1422 3366 quia

466 3383 549 3445 sicut
564 3379 642 3442 mihi
663 3399 783 3459 graves,
797 3379 843 3442 ita
862 3390 894 3442 et
909 3378 966 3443 tibi
986 3384 1167 3465 conspicue
1184 3395 1267 3462 sunt,
1281 3394 1313 3447 et
1333 3397 1424 3449 notae

465 3480 597 3547 mundo.
629 3480 759 3543 Utinam
776 3483 916 3545 solvatur
930 3485 1027 3547 chaos
1043 3486 1130 3568 quod
1146 3487 1229 3549 inter
1239 3508 1298 3548 nos
1313 3487 1421 3551 firma·

464 3595 610 3658 tumeat,
633 3593 665 3646 et
684 3604 750 3665 pax
771 3585 853 3647 inter
875 3607 1007 3666 regnum
1031 3599 1064 3650 et
1086 3589 1296 3652 sacerdotium
1319 3591 1420 3654 refor-

467 3695 586 3750 metur:
617 3696 653 3749 ut
669 3685 695 3747 si
710 3686 920 3750 intermeandi
936 3688 1070 3752 facultas
1089 3692 1235 3771 patuerit,
1249 3690 1330 3774 ejus,
1347 3713 1422 3775 qnae

463 3789 499 3851 in
524 3788 661 3851 Domino
684 3800 740 3865 est,
763 3790 858 3852 uobis
880 3791 1041 3873 possimus
1063 3792 1241 3857 adinvicem
1264 3793 1423 3857 exhibere

465 3890 571 3954 officia
594 3890 742 3953 caritatis.
778 3893 854 3953 Non
875 3893 960 3954 enim
983 3893 1105 3957 excidit
1119 3916 1139 3956 a
1161 3896 1314 3959 memoria
1337 3917 1421 3975 mea,

465 4013 563 4078 quam
598 3993 668 4068 tibi,
698 3993 900 4074 exigentibus
935 3995 1066 4073 meritis,
1095 3998 1255 4060 obnoxius
1292 3998 1354 4060 sim
1384 4011 1423 4063 ut

464 4094 617 4174 magistro
640 4104 672 4155 et
694 4093 835 4156 domino.
879 4095 923 4157 Et
945 4105 992 4170 tu,
1007 4097 1089 4160 iicet.
1106 4098 1212 4162 adhuc
1235 4120 1308 4161 mea
1329 4101 1365 4161 in
1388 4110 1421 4164 te

463 4217 530 4258 non
545 4194 685 4257 existant
698 4194 820 4268 merita,
832 4217 882 4258 me
899 4206 933 4258 ut
945 4197 1162 4261 Christianum
1176 4201 1274 4263 debes
1286 4199 1421 4283 diligere

462 4310 495 4361 et
509 4296 659 4359 amicum.
703 4296 837 4359 Temere
853 4307 958 4360 tamen
978 4321 1044 4362 non
1060 4300 1195 4363 dixerim
1217 4303 1246 4364 ei
1261 4303 1421 4366 rationem

462 4398 574 4462 deesse
587 4398 781 4462 meritorum:
806 4397 859 4461 cui
874 4398 915 4462 ad
927 4400 1096 4463 amandum
1110 4400 1235 4465 intensa
1246 4404 1421 4468 famulatur
