3384 5525
370 770 482 853 nou]
754 790 934 837 unisonum.
1264 780 1325 839 127

365 944 591 1020 incontinenti,
606 942 749 1027 ejusdem
764 945 940 1029 juramenti
964 945 1107 1008 conditio
1122 946 1242 1009 inserta
1254 959 1321 1009 est:

365 1059 399 1112 et
426 1047 640 1130 posteriorum
664 1047 721 1109 tibi
749 1048 840 1111 mitto
867 1047 1053 1131 rescriptum
1079 1048 1263 1127 litterarum,
1288 1060 1323 1112 ut

365 1170 475 1213 earum
487 1148 646 1211 sententia
659 1150 853 1231 publicetur,
862 1159 894 1213 et
907 1150 1010 1233 possit
1020 1149 1240 1231 indigentibus
1251 1171 1322 1214 esse

363 1250 525 1336 praesidio.
551 1252 636 1313 Nam
646 1251 700 1333 qui
711 1252 815 1314 Deum
826 1252 977 1328 timuerit,
987 1254 1164 1315 movebitur
1173 1263 1207 1315 ut
1217 1253 1325 1316 minus

364 1354 485 1418 audeat
497 1353 531 1415 in
547 1363 682 1417 mortem
699 1374 799 1433 suam,
815 1355 871 1418 sed
888 1354 1050 1418 sinodum
1069 1355 1163 1418 istum
1178 1356 1234 1418 ille
1248 1366 1323 1419 tuus

365 1455 491 1518 amicus
503 1455 613 1539 aliqua
627 1455 748 1518 ratione
763 1456 951 1539 expedierit,
967 1457 1115 1538 laqueum
1131 1458 1228 1520 timeo
1239 1458 1324 1521 duri-

365 1576 465 1620 orem.
498 1554 615 1620 Vereor
626 1556 711 1619 enim
727 1577 769 1619 ne
784 1557 944 1639 principes
960 1555 1162 1619 sacerdotum
1178 1559 1233 1641 qui
1249 1579 1325 1622 con-

366 1656 473 1722 silium
483 1657 622 1719 inierunt
631 1657 795 1740 quomodo
806 1657 957 1720 occidant
969 1656 1133 1719 Christum
1142 1658 1284 1737 Domini,
1294 1668 1327 1722 et

368 1758 516 1823 ecclesiae
527 1759 687 1841 perimant
700 1758 891 1835 libertatem,
903 1757 1016 1821 accitis
1028 1759 1221 1823 officialibus
1231 1762 1328 1843 regis,

366 1860 780 1924 illumtuumExonieusem
791 1860 943 1923 inducere
953 1859 1114 1923 velintaut
1122 1863 1327 1944 compellere,

368 1974 405 2025 ut
430 1962 641 2046 appellationi
666 1962 759 2025 factae
783 1962 919 2026 consilio
942 1962 1027 2045 regis
1049 1971 1082 2025 et
1104 1962 1326 2044 cardinalium,

366 2064 499 2127 nomine
521 2064 613 2145 regni
639 2073 671 2126 et
693 2063 875 2140 sacerdotii,
898 2061 1087 2143 subscribat,
1111 2076 1144 2127 et
1166 2066 1324 2130 actionem

368 2167 494 2230 muniat
522 2186 648 2229 suarum
680 2166 863 2229 testimonio
893 2166 1078 2229 litterarum.
1123 2166 1169 2229 Et
1193 2168 1325 2233 fortasse

368 2268 452 2349 regis
466 2268 654 2331 auctoritate
666 2268 858 2349 praecipieut
868 2289 925 2350 per
937 2267 1034 2330 fidem
1047 2289 1143 2351 quam
1159 2269 1209 2332 illi
1219 2269 1325 2349 debet,

369 2381 401 2432 et
423 2369 508 2433 sicut
526 2369 679 2432 honorem
703 2370 792 2451 regni
814 2381 847 2432 et
869 2369 1038 2432 sacerdotii
1062 2368 1178 2450 diligit,
1193 2382 1230 2434 ut
1251 2394 1324 2435 cum

368 2471 440 2534 aliis
456 2472 587 2535 nunciis
605 2493 733 2536 causam
750 2473 918 2555 suscipiat,
935 2484 967 2535 et
985 2473 1017 2535 in
1038 2494 1177 2555 persona
1196 2476 1326 2558 propria

369 2582 591 2655 prosequatur.
637 2574 778 2645 Quorum
800 2574 827 2636 si
848 2595 946 2636 unum
969 2573 1090 2650 lecerit,
1105 2573 1327 2639 indubitanter

369 2671 467 2736 credo
492 2673 579 2757 quod
602 2669 720 2749 Deum,
739 2684 771 2737 et
793 2674 860 2737 scio
883 2674 969 2757 quod
992 2674 1133 2738 offendet
1155 2675 1327 2759 archiepis·

368 2797 489 2860 copum
504 2777 646 2841 fortassis
664 2778 918 2862 irreparabiliter.
957 2779 1031 2840 Fuit
1053 2779 1137 2841 enim
1161 2799 1235 2840 cum
1256 2779 1328 2842 aliis

369 2879 620 2962 appellatoribus
636 2879 721 2963 apud
735 2879 1028 2962 Northamptonam
1040 2879 1236 2942 adversarius
1247 2879 1325 2961 ejus.

370 2982 455 3044 Item
467 2981 610 3044 secundo
626 2982 866 3065 appellantibus
877 2981 985 3057 astitit,
997 2990 1028 3042 et
1042 2979 1154 3042 habita
1165 2989 1240 3041 sunt
1255 2979 1325 3043 haec

369 3083 462 3166 quasi
478 3103 544 3144 non
564 3083 690 3146 fuerint.
736 3083 770 3146 Si
787 3103 859 3144 vero
881 3103 968 3144 nunc
984 3081 1076 3144 tertio
1096 3101 1160 3142 non
1180 3092 1327 3162 gravatus

371 3185 598 3248 ratihabitione
621 3195 780 3267 retorquet
802 3183 843 3247 ad
865 3204 899 3246 se
922 3183 1073 3246 malitiam
1094 3183 1238 3260 aliorum,
1253 3204 1328 3246 cum

370 3286 418 3348 eis
434 3283 594 3348 videbitur
609 3285 696 3348 sitire
712 3284 901 3365 sanguinem
921 3283 1030 3365 patris,
1045 3293 1077 3345 et
1099 3283 1202 3365 magis
1216 3285 1326 3348 vulue-

367 3387 453 3449 rabit
472 3386 702 3450 conscientiam
721 3385 881 3469 propriam
902 3405 999 3466 quam
1017 3384 1164 3448 ecclesiae
1184 3405 1326 3461 causam,

368 3506 467 3569 quam
484 3505 651 3567 personam
671 3484 759 3547 illius
779 3484 872 3568 cujus
891 3485 982 3548 ruina
1004 3485 1165 3568 quaeritur.
1210 3485 1245 3548 si
1260 3506 1327 3548 uon

370 3587 492 3663 fecerit,
507 3588 666 3670 praeterita
681 3608 748 3650 uon
766 3586 942 3669 proderunt
958 3587 1079 3662 merita,
1097 3588 1173 3670 quin
1190 3588 1280 3668 regui
1295 3599 1328 3651 et

369 3687 544 3752 sacerdotii
559 3688 769 3752 denuncietur
783 3689 936 3771 publicus
952 3689 1062 3751 hostis,
1107 3691 1152 3752 Et
1165 3690 1241 3752 licet
1254 3689 1326 3753 haec

369 3791 479 3854 omnia
493 3791 614 3868 fecerit,
627 3790 713 3854 huuc
730 3790 867 3853 eundem
884 3791 1005 3853 exitum
1022 3790 1129 3854 timeo.
1174 3792 1226 3853 Ea
1241 3792 1326 3855 enim

370 3903 420 3957 est
433 3905 548 3957 natura
561 3893 702 3956 hominis
717 3894 814 3966 illius,
830 3903 865 3956 ut
881 3892 968 3975 apud
980 3915 1052 3954 eum
1063 3891 1220 3976 jacturam
1233 3894 1330 3956 faciat

370 3995 516 4057 omnium
537 3994 730 4066 meritorum,
753 3995 809 4077 qui
833 4015 1038 4078 quacumque
1058 3993 1179 4056 ratione
1200 4004 1328 4077 praeter·

370 4097 446 4160 ierit
461 4107 517 4159 aut
535 4096 694 4160 distulerit
716 4117 815 4158 unum
831 4098 1066 4180 qualecumque
1089 4096 1131 4159 sit
1155 4095 1329 4179 adimplere

371 4198 570 4261 mandatum.
615 4198 667 4259 Ea
689 4208 796 4258 autem
817 4206 866 4259 est
887 4196 1063 4259 moderatio
1083 4216 1216 4279 precum
1231 4206 1263 4257 et
1278 4217 1328 4258 so·

371 4299 491 4363 brietas
520 4297 753 4375 mandatorum,
780 4309 815 4360 ut
844 4299 874 4360 ei
904 4297 1096 4382 quandoque
1125 4316 1259 4358 necesse
1290 4298 1331 4358 sit

371 4400 503 4464 obviari.
550 4401 655 4472 Quare
676 4421 799 4462 summa
822 4400 949 4462 consilii
974 4399 1036 4460 mei
1059 4410 1107 4461 est
1128 4407 1164 4458 ut
1186 4397 1330 4459 adbibita
