3384 5525
363 778 421 836 174
610 786 746 831 scaurus
762 784 1044 830 sanasnnnmusrs
1224 768 1269 847 [A.
1287 790 1314 832 n.

361 938 615 1009 consolationem.
662 938 706 1001 Et
722 935 850 1022 quidem
867 960 925 1000 nec
941 948 1027 1014 tunc,
1043 937 1128 1000 sicut
1145 956 1203 999 nec
1218 936 1250 999 in
1261 960 1313 1001 ex·

363 1055 461 1106 tremo
477 1038 611 1123 judicio,
626 1061 687 1102 non
708 1038 888 1119 displicebit
907 1038 932 1101 si
954 1039 1028 1124 quis
1045 1039 1228 1103 testimonio
1245 1061 1315 1102 con-

363 1140 503 1205 scientiae
514 1137 664 1223 gaudeat,
676 1152 712 1201 ut
725 1160 816 1223 opem
828 1137 938 1202 tulerit
949 1137 1088 1201 ecclesiae
1099 1139 1309 1222 naufraganti.

363 1242 529 1305 Adversus
540 1241 610 1303 haec
624 1240 758 1303 fortasse
769 1240 987 1336 praetendetur
997 1240 1136 1325 publicae
1148 1241 1315 1326 potestatis

363 1354 478 1420 metus,
488 1356 519 1407 et
533 1354 797 1427 persequutorum
809 1339 941 1405 insidiae.
960 1339 1021 1404 Sed
1033 1353 1119 1404 certe
1131 1355 1251 1404 nonest
1263 1340 1314 1426 qui

364 1443 430 1507 aine
452 1466 560 1506 eorum
575 1440 765 1505 conscientia
788 1441 917 1526 quando
933 1441 1060 1505 libitum
1078 1450 1126 1503 est
1144 1464 1207 1503 non
1224 1441 1315 1504 faciat

364 1557 539 1630 sumptum.
584 1544 652 1606 Nec
672 1542 733 1605 hoc
753 1547 824 1606 Deo
847 1555 926 1607 teste
950 1542 1011 1605 mei
1028 1542 1209 1628 compendii
1225 1565 1316 1606 causa

365 1645 512 1719 dixerim,
528 1646 583 1710 sed
606 1657 643 1709 ut
665 1644 874 1730 praemuniam
896 1644 1060 1709 dominum
1086 1666 1192 1707 meum
1217 1657 1249 1708 et
1265 1668 1316 1707 ex-

365 1748 468 1834 pleam
484 1748 621 1812 officium
640 1747 756 1811 debitae
771 1745 920 1811 caritatis.

392 1951 617 2017 EPISTOLA
642 1952 929 2017 connivit-n>
950 1972 1107 2016 ronanam
1131 1970 1282 2016 emonam

571 2072 830 2116 uoawmrnsnu.
880 2055 924 2135 [n.
942 2074 973 2117 n.
992 2057 1101 2136 noa]

550 2222 640 2284 Idem
654 2222 778 2284 ,loanni
794 2223 906 2285 Priori
916 2223 1131 2285 Norwiccnai.

410 2342 516 2405 Dona
531 2353 579 2404 est
593 2340 844 2426 proscriptorum
861 2340 1013 2419 conditio,
1028 2340 1083 2405 sed
1100 2362 1162 2402 non
1180 2350 1244 2402 tam
1262 2360 1316 2402 suo

363 2443 480 2506 damno
492 2465 587 2527 quam
597 2440 763 2527 dispendio
779 2441 964 2507 amicorum.
1012 2440 1072 2504 Vix
1083 2440 1165 2505 enirn
1183 2451 1317 2527 possunt

363 2545 500 2630 aliquem
513 2544 661 2623 salutare,
672 2543 727 2629 qui
736 2567 798 2606 non
806 2543 879 2608 ilico
886 2543 1065 2629 suspicetur
1077 2543 1137 2607 sub
1144 2540 1318 2605 affectionis

365 2659 396 2711 et
421 2647 631 2711 venerationis
657 2659 817 2731 praetextu
842 2647 981 2710 exerceri
1007 2643 1267 2731 negotiationem,
1287 2654 1319 2706 et

364 2748 516 2814 officiosos
542 2747 662 2812 inhiare
689 2749 728 2812 ad
753 2761 924 2835 quaeatum.
969 2748 1065 2823 Quod
1088 2771 1127 2811 ne
1143 2758 1239 2833 putes
1260 2744 1319 2808 mei

363 2874 430 2916 esse
459 2851 613 2937 propositi
640 2851 823 2933 (carissime)
854 2850 1040 2936 diligentius
1063 2872 1185 2935 precor,
1215 2860 1321 2912 certus

362 2953 449 3040 quod
465 2953 507 3017 sis
522 2975 571 3017 me
587 2957 659 3016 Deo
673 2953 868 3038 propitiante
884 2951 1068 3017 necessariis
1084 2974 1187 3038 usquc
1203 2950 1244 3014 ad
1261 2950 1317 3014 ho-

364 3079 471 3120 norem
487 3068 519 3119 et
534 3055 669 3140 gloriam
689 3055 863 3120 abundare.
909 3056 984 3118 Non
1005 3054 1105 3138 igitur
1120 3066 1177 3118 tua
1197 3074 1320 3138 quaero,

363 3157 418 3220 sed
428 3169 471 3233 te,
487 3156 511 3219 si
525 3170 702 3222 tamennon
716 3155 863 3220 excidisti
879 3155 1023 3240 agralia,
1040 3167 1071 3220 et
1083 3155 1189 3219 adhuc
1201 3153 1318 3217 retines

363 3258 537 3319 caritatem.
582 3261 626 3321 Et
644 3257 715 3320 licet
731 3255 898 3333 excideris,
915 3268 946 3320 te
956 3268 1060 3320 tamen
1077 3277 1232 3342 quaram,
1247 3275 1315 3316 eam

363 3355 396 3417 in
420 3366 451 3418 te
473 3355 653 3420 desiderans
675 3358 850 3435 reformari,
874 3357 970 3421 immo
994 3371 1023 3424 te
1045 3357 1076 3421 in
1097 3355 1153 3420 illa
1174 3354 1241 3420 siue
1256 3377 1321 3440 qua

363 3477 425 3518 uon
441 3456 501 3520 nisi
517 3457 669 3521 deformis
683 3459 754 3536 arie,
770 3461 849 3545 quia
861 3484 991 3546 possum
1002 3461 1134 3546 diligere
1144 3459 1241 3524 etiam
1256 3479 1318 3521 non

365 3569 525 3621 amantea:
551 3580 611 3621 non
628 3559 715 3644 quod
733 3572 764 3624 te
784 3574 930 3647 reputem
952 3563 1035 3627 inter
1055 3561 1138 3639 illos,
1154 3560 1209 3626 sed
1226 3559 1319 3624 etiam

367 3658 393 3722 si
410 3657 481 3722 talis
493 3658 591 3723 fueris
600 3661 744 3746 exprimo
754 3684 890 3726 sensum.
935 3663 1108 3750 Reputabo
1119 3685 1179 3748 pro
1190 3683 1321 3725 munere

366 3761 392 3825 si
408 3784 457 3825 me
479 3761 519 3828 de
541 3777 626 3828 statu
654 3778 710 3830 tuo
735 3766 912 3831 reddideris
936 3769 1111 3833 certiorem.
1155 3771 1214 3845 Et,
1241 3768 1267 3832 si
1282 3766 1321 3830 de

366 3886 437 3927 meo
451 3887 554 3942 curaS,
569 3866 654 3930 exilii
670 3867 732 3931 mei
746 3868 881 3952 quintus
900 3870 1035 3935 feliciter
1050 3870 1198 3956 expletur
1219 3892 1320 3934 annus

367 3966 426 4031 sub
452 3967 581 4031 domiuo
602 3971 835 4049 Cantuariensi,
856 3974 910 4057 qui
932 3996 991 4058 pro
1014 3972 1162 4038 libertate
1182 3973 1319 4038 ecclesiae

365 4071 431 4134 suis
448 4068 495 4133 vel
510 4070 620 4135 alienae
635 4073 740 4156 gentis
759 4073 925 4160 stipendiis
946 4076 1051 4141 adhuc
1072 4077 1200 4153 militat,
1216 4100 1273 4141 uec
1289 4077 1319 4140 in

366 4169 465 4236 Israel
479 4174 620 4260 repperit
643 4175 748 4241 fidem.
793 4179 912 4243 Omnes
935 4178 1027 4243 amici
1050 4181 1120 4266 ejus
1135 4191 1320 4267 spreverunt

366 4273 483 4360 ipsum,
499 4287 531 4339 et
554 4275 714 4339 ecclesiam
737 4277 820 4342 inter
843 4280 1020 4364 angustiae,
1041 4293 1073 4344 et
1088 4279 1175 4366 quod
1191 4278 1321 4364 gravius

366 4387 414 4439 est
443 4375 573 4461 plurimi
603 4393 849 4464 persequuntur.
913 4384 972 4446 Est
1003 4379 1085 4445 enim
1115 4379 1319 4464 proverbium
