3384 5525
486 769 523 827 12
756 782 893 827 Joauurs
910 784 1187 829 sanuseurrrnusrs
1340 766 1384 844 [e.
1403 786 1434 830 o.

482 946 572 997 motu
598 935 695 997 animi
719 934 768 997 sui
795 934 946 998 decernat
965 936 1079 1020 judex,
1103 936 1263 1000 interdum
1287 937 1435 1000 assertio-

481 1036 588 1114 nibus,
619 1036 777 1100 interdum
808 1039 1111 1120 praesumptionibus
1136 1050 1248 1101 utens:
1281 1051 1316 1100 ut
1342 1062 1436 1101 num-

484 1160 578 1221 quam
591 1160 632 1201 ex
647 1139 844 1201 couscientia
855 1138 961 1221 justus
977 1149 1008 1201 et
1022 1140 1177 1203 innocens
1193 1141 1436 1218 condamnetur,

483 1253 515 1302 et
545 1240 572 1301 si
607 1240 779 1303 multitudo
812 1252 894 1303 stare
930 1241 1073 1304 rideatur
1109 1242 1141 1304 iu
1172 1256 1261 1324 parte
1292 1241 1435 1306 adversa.

484 1343 569 1404 Nam
584 1343 737 1425 scriptum
759 1353 816 1416 est,
834 1340 999 1405 Insoatem
1021 1350 1053 1405 et
1064 1347 1196 1424 justam
1216 1365 1281 1406 non
1305 1346 1435 1416 occides,

482 1448 561 1525 quio
583 1446 732 1507 odocrsor
745 1447 892 1526 impium.
941 1445 985 1506 Et
1001 1446 1091 1507 alibi:
1116 1448 1190 1508 Non
1209 1449 1350 1526 sequeris
1365 1452 1436 1507 tur·

483 1546 553 1608 bum
568 1547 809 1629 calfaciendum
825 1547 958 1620 malam,
969 1567 1027 1609 nec
1040 1548 1211 1625 injudicio
1222 1547 1437 1629 plurimorum

485 1648 667 1729 adquiescas
695 1648 875 1724 sententie,
900 1656 938 1712 nt
966 1672 987 1712 o
1014 1650 1066 1711 cic
1097 1649 1247 1713 declines,
1303 1650 1336 1712 Si
1365 1671 1437 1711 vero

483 1760 595 1813 contra
610 1752 851 1826 conscientiam,
867 1752 1043 1833 praesertim
1059 1752 1093 1813 in
1106 1752 1328 1836 praejudicium
1344 1752 1437 1814 inuo-

483 1854 597 1926 ccntis,
621 1854 809 1916 sententiam
841 1853 958 1928 tulerit,
982 1854 1165 1933 gravissime
1192 1864 1323 1935 peccat:
1349 1854 1438 1935 quia,

484 1954 568 2017 sicut
584 1954 662 2017 dicit
672 1955 858 2037 Apostolus,
868 1974 959 2015 omne
973 1954 1057 2034 qnod
1071 1957 1438 2036 nonesterfldepccca-

483 2061 553 2117 tum
569 2064 624 2115 est.
670 2054 822 2117 Salomon
839 2055 872 2116 iu
894 2077 990 2120 causa
1008 2057 1206 2119 meretricum
1231 2056 1438 2140 conjecturali

484 2168 672 2237 argumento
696 2169 789 2220 utens
812 2153 1036 2220 condemnarit
1058 2158 1338 2221 calumniatricem.
1391 2158 1437 2219 Et

484 2259 603 2321 Daniel
618 2259 651 2320 iu
673 2259 860 2322 liberatione
884 2259 1039 2323 Susannae
1062 2259 1362 2343 praesumptionibus
1383 2280 1433 2321 re-

484 2359 601 2421 velarit
629 2359 782 2422 malitiam
813 2360 1025 2423 sacerdotum.
1070 2360 1167 2432 Quod
1197 2359 1224 2421 si
1248 2358 1377 2443 judices
1401 2359 1435 2420 in

485 2479 585 2521 causa
598 2458 717 2521 domini
734 2458 972 2523 Cantuariensis
988 2460 1126 2541 rigorem
1147 2460 1290 2523 debitum
1306 2457 1436 2521 habuis-

484 2570 566 2638 sent,
582 2562 608 2624 si
622 2562 694 2641 lege
715 2563 933 2646 praescriptam
948 2564 1166 2625 exercuissent
1181 2562 1390 2643 diligentiam,
1408 2561 1435 2622 si

485 2663 658 2743 scripturas
678 2664 914 2728 consuluissent
929 2665 963 2727 in
976 2663 1111 2747 judicio,
1127 2666 1153 2727 si
1168 2664 1317 2749 potestati
1340 2684 1437 2745 supra

484 2766 615 2829 modum
631 2776 664 2829 et
678 2769 726 2830 fas
748 2789 813 2830 nou
829 2767 1029 2846 detulissent,
1043 2783 1154 2851 posset
1173 2769 1301 2831 fortasse
1318 2767 1434 2850 proba·

483 2869 591 2932 biliter
619 2872 707 2952 argui
730 2872 785 2956 qui
807 2871 933 2934 illorum
958 2870 1116 2955 judicium
1141 2871 1323 2935 declinavit.
1369 2866 1436 2930 Sed

390 2974 393 2980 ’
485 2973 539 3036 ubi
556 2973 641 3037 furor
660 2976 766 3039 omnia
785 2975 970 3049 vindicavit,
995 2975 1066 3058 quis
1081 2976 1171 3036 locus
1185 2972 1289 3054 potuit
1304 2990 1373 3030 csse
1389 2991 1437 3032 ra-

485 3076 561 3139 tioni
593 3079 642 3138 vel
667 3077 752 3161 juri?
777 3087 851 3138 ante
874 3075 1042 3158 praesidem
1073 3074 1188 3134 ductus
1210 3081 1259 3131 est
1289 3070 1439 3135 Christus

485 3176 628 3252 Domini,
640 3177 868 3238 Conoenerunt
879 3175 1044 3253 principes
1059 3173 1127 3232 Sor.
1139 3177 1170 3231 et
1183 3170 1266 3233 Plto.
1282 3170 1438 3233 adversus

485 3295 565 3338 eum.
581 3274 776 3356 Etprolecto
787 3273 977 3353 praesesiste
987 3271 1120 3345 illo,sub
1131 3291 1194 3354 quo
1205 3269 1438 3334 condemnatus

485 3389 533 3439 est
543 3375 700 3447 Christus,
710 3371 918 3435 truculentior
930 3380 1005 3434 erat.
1045 3372 1075 3432 N
1079 3392 1129 3432 am
1141 3370 1262 3432 Pilatus
1274 3369 1308 3431 id
1320 3373 1437 3450 agebat

486 3475 658 3560 exquisitis
669 3473 910 3548 occasionibus,
926 3482 961 3534 ut
977 3472 1124 3535 Christus
1140 3470 1289 3536 eraderet
1304 3493 1438 3537 accusa-

485 3589 556 3641 tus:
580 3577 632 3640 hic
643 3589 747 3639 autem
760 3596 888 3657 operam
905 3574 1004 3638 dabat
1017 3586 1049 3637 et
1065 3574 1276 3655 diligentiam,
1294 3585 1327 3636 ut
1342 3574 1436 3635 inno-

485 3701 562 3744 cens
571 3689 771 3742 accusaretur
785 3688 818 3740 et
827 3677 1028 3741 damnaretur
1043 3677 1198 3740 Christus.
1232 3675 1305 3753 Ille,
1320 3697 1361 3737 ue
1375 3676 1434 3737 sub

485 3804 524 3845 eo
531 3781 642 3864 judice
659 3781 830 3862 puniretur,
843 3780 1006 3843 Christum
1020 3779 1192 3842 transmisit
1204 3777 1244 3841 ad
1257 3776 1437 3853 Herodem,

483 3885 541 3946 ubi
557 3885 606 3945 vel
628 3893 830 3966 contemptus
851 3883 950 3946 evasit
972 3882 1129 3958 Christus,
1152 3883 1365 3964 remissusque
1386 3890 1434 3943 est

483 3984 615 4046 indutus
630 3992 715 4045 veste
729 3984 820 4046 alba:
867 3982 920 4045 hic
937 3983 1042 4046 modis
1062 3985 1212 4047 omnibus
1227 3984 1379 4065 agebatur
1393 4002 1436 4042 ne

485 4106 686 4170 quocumque
697 4085 794 4146 modo
806 4085 953 4147 Christus
966 4085 1122 4149 evaderet.
1147 4086 1245 4149 Dicat
1258 4086 1302 4146 vir
1314 4094 1435 4146 amator

483 4187 624 4251 veritatis
646 4187 839 4269 quicumque
869 4186 966 4248 audet
988 4209 1094 4251 coram
1120 4189 1203 4265 Deo,
1232 4186 1284 4250 cui
1308 4187 1347 4247 de
1370 4186 1433 4247 hoc

483 4288 664 4354 testimonio
686 4287 883 4350 indistricto
905 4289 1053 4351 examine
1072 4288 1250 4352 redditurus
1270 4299 1317 4350 est
1338 4287 1433 4349 ratio·

484 4415 568 4471 uem,
580 4390 667 4457 dicat¹
678 4401 773 4469 certe,
783 4389 809 4453 si
822 4390 930 4468 audet,
940 4390 1027 4476 quod
1040 4391 1299 4473 archiepiscopus
1310 4389 1356 4451 ibi
1367 4410 1433 4451 mat
