<?xml version="1.0" encoding="UTF-8"?>
<!DOCTYPE html PUBLIC "-//W3C//DTD XHTML 1.0 Transitional//EN"
    "http://www.w3.org/TR/xhtml1/DTD/xhtml1-transitional.dtd">
<html xmlns="http://www.w3.org/1999/xhtml" xml:lang="en" lang="en">
 <head>
  <title>
</title>
<meta http-equiv="Content-Type" content="text/html;charset=utf-8" />
  <meta name='ocr-system' content='tesseract 3.04.00' />
  <meta name='ocr-capabilities' content='ocr_page ocr_carea ocr_par ocr_line ocrx_word'/>
</head>
<body>
  <div class='ocr_page' id='page_1' title='image "./joannissaresber05johngoog_0265.png"; bbox 0 0 3384 5525; ppageno 0'>
   <div class='ocr_carea' id='block_1_1' title="bbox 364 767 1320 842">
    <p class='ocr_par' dir='ltr' id='par_1_1' title="bbox 364 767 1320 842">
     <span class='ocr_line' id='line_1_1' title="bbox 364 767 1320 842; baseline -0.008 -8"><span class='ocrx_word' id='word_1_1' title='bbox 364 776 427 834; x_wconf 73' lang='lat'>246</span> <span class='ocrx_word' id='word_1_2' title='bbox 625 785 759 830; x_wconf 76' lang='lat' dir='ltr'>Joauurs</span> <span class='ocrx_word' id='word_1_3' title='bbox 775 782 1053 829; x_wconf 80' lang='lat' dir='ltr'>sanussumausrs</span> <span class='ocrx_word' id='word_1_4' title='bbox 1225 767 1272 842; x_wconf 76' lang='lat' dir='ltr'>[x.</span> <span class='ocrx_word' id='word_1_5' title='bbox 1290 784 1320 828; x_wconf 87' lang='lat' dir='ltr'>n.</span> 
     </span>
    </p>
   </div>
   <div class='ocr_carea' id='block_1_2' title="bbox 364 932 1323 2429">
    <p class='ocr_par' dir='ltr' id='par_1_2' title="bbox 364 932 1323 2429">
     <span class='ocr_line' id='line_1_2' title="bbox 367 932 1321 1025; baseline -0.006 -24"><span class='ocrx_word' id='word_1_6' title='bbox 367 938 422 1025; x_wconf 93' lang='lat' dir='ltr'>qui</span> <span class='ocrx_word' id='word_1_7' title='bbox 438 936 653 1023; x_wconf 81' lang='lat' dir='ltr'><strong>periclitamur</strong></span> <span class='ocrx_word' id='word_1_8' title='bbox 667 958 707 999; x_wconf 86' lang='lat' dir='ltr'>ex</span> <span class='ocrx_word' id='word_1_9' title='bbox 723 932 844 998; x_wconf 89' lang='lat' dir='ltr'>nostris.</span> <span class='ocrx_word' id='word_1_10' title='bbox 885 932 1070 998; x_wconf 86' lang='lat' dir='ltr'>Carissimos</span> <span class='ocrx_word' id='word_1_11' title='bbox 1085 942 1193 997; x_wconf 83' lang='lat' dir='ltr'>autem</span> <span class='ocrx_word' id='word_1_12' title='bbox 1209 932 1321 997; x_wconf 87' lang='lat' dir='ltr'>fratres</span> 
     </span>
     <span class='ocr_line' id='line_1_3' title="bbox 366 1033 1322 1122; baseline -0.007 -18"><span class='ocrx_word' id='word_1_13' title='bbox 366 1051 489 1104; x_wconf 87' lang='lat' dir='ltr'>nostros</span> <span class='ocrx_word' id='word_1_14' title='bbox 511 1050 545 1103; x_wconf 93' lang='lat' dir='ltr'>et</span> <span class='ocrx_word' id='word_1_15' title='bbox 564 1037 719 1113; x_wconf 89' lang='lat' dir='ltr'>dominos,</span> <span class='ocrx_word' id='word_1_16' title='bbox 743 1034 798 1122; x_wconf 91' lang='lat' dir='ltr'>qui</span> <span class='ocrx_word' id='word_1_17' title='bbox 820 1033 1004 1099; x_wconf 91' lang='lat' dir='ltr'>beatissimo</span> <span class='ocrx_word' id='word_1_18' title='bbox 1030 1033 1180 1119; x_wconf 84' lang='lat' dir='ltr'>Remigio</span> <span class='ocrx_word' id='word_1_19' title='bbox 1199 1033 1322 1120; x_wconf 84' lang='lat' dir='ltr'>jugiter</span> 
     </span>
     <span class='ocr_line' id='line_1_4' title="bbox 366 1135 1321 1222; baseline -0.005 -18"><span class='ocrx_word' id='word_1_20' title='bbox 366 1141 572 1218; x_wconf 81' lang='lat' dir='ltr'><strong>famulantur,</strong></span> <span class='ocrx_word' id='word_1_21' title='bbox 592 1140 644 1204; x_wconf 86' lang='lat' dir='ltr'>vix</span> <span class='ocrx_word' id='word_1_22' title='bbox 659 1139 726 1203; x_wconf 89' lang='lat' dir='ltr'>sine</span> <span class='ocrx_word' id='word_1_23' title='bbox 748 1136 873 1222; x_wconf 86' lang='lat' dir='ltr'>gemitu</span> <span class='ocrx_word' id='word_1_24' title='bbox 895 1148 929 1201; x_wconf 90' lang='lat' dir='ltr'>et</span> <span class='ocrx_word' id='word_1_25' title='bbox 951 1135 1101 1222; x_wconf 82' lang='lat' dir='ltr'>suspiriis,</span> <span class='ocrx_word' id='word_1_26' title='bbox 1116 1148 1173 1201; x_wconf 91' lang='lat' dir='ltr'>aut</span> <span class='ocrx_word' id='word_1_27' title='bbox 1192 1136 1321 1206; x_wconf 89' lang='lat' dir='ltr'>madore</span> 
     </span>
     <span class='ocr_line' id='line_1_5' title="bbox 365 1236 1321 1329; baseline -0.002 -25"><span class='ocrx_word' id='word_1_28' title='bbox 365 1240 601 1329; x_wconf 82' lang='lat' dir='ltr'><strong>lachrymarum</strong></span> <span class='ocrx_word' id='word_1_29' title='bbox 623 1260 750 1325; x_wconf 87' lang='lat' dir='ltr'>possum</span> <span class='ocrx_word' id='word_1_30' title='bbox 774 1236 815 1301; x_wconf 94' lang='lat' dir='ltr'>ad</span> <span class='ocrx_word' id='word_1_31' title='bbox 838 1238 981 1303; x_wconf 88' lang='lat' dir='ltr'>animum</span> <span class='ocrx_word' id='word_1_32' title='bbox 1005 1259 1164 1315; x_wconf 90' lang='lat' dir='ltr'>revocare,</span> <span class='ocrx_word' id='word_1_33' title='bbox 1180 1237 1321 1302; x_wconf 83' lang='lat' dir='ltr'><strong>recolens</strong></span> 
     </span>
     <span class='ocr_line' id='line_1_6' title="bbox 366 1339 1319 1427; baseline 0 -22"><span class='ocrx_word' id='word_1_34' title='bbox 366 1364 418 1406; x_wconf 87' lang='lat' dir='ltr'>me</span> <span class='ocrx_word' id='word_1_35' title='bbox 434 1342 594 1427; x_wconf 91' lang='lat' dir='ltr'>quondam</span> <span class='ocrx_word' id='word_1_36' title='bbox 617 1341 716 1405; x_wconf 89' lang='lat' dir='ltr'>instar</span> <span class='ocrx_word' id='word_1_37' title='bbox 733 1339 871 1426; x_wconf 79' lang='lat' dir='ltr'>paradisi</span> <span class='ocrx_word' id='word_1_38' title='bbox 891 1340 1027 1405; x_wconf 86' lang='lat' dir='ltr'>feliciter</span> <span class='ocrx_word' id='word_1_39' title='bbox 1048 1340 1228 1419; x_wconf 89' lang='lat' dir='ltr'>incoluisse,</span> <span class='ocrx_word' id='word_1_40' title='bbox 1243 1341 1319 1405; x_wconf 91' lang='lat' dir='ltr'>dum</span> 
     </span>
     <span class='ocr_line' id='line_1_7' title="bbox 365 1442 1321 1530; baseline -0.001 -23"><span class='ocrx_word' id='word_1_41' title='bbox 365 1443 491 1508; x_wconf 90' lang='lat' dir='ltr'>illorum</span> <span class='ocrx_word' id='word_1_42' title='bbox 522 1443 693 1530; x_wconf 75' lang='lat' dir='ltr'>praesentia</span> <span class='ocrx_word' id='word_1_43' title='bbox 727 1443 868 1519; x_wconf 89' lang='lat' dir='ltr'>fruebar,</span> <span class='ocrx_word' id='word_1_44' title='bbox 898 1454 933 1507; x_wconf 90' lang='lat' dir='ltr'>et</span> <span class='ocrx_word' id='word_1_45' title='bbox 962 1442 1101 1507; x_wconf 88' lang='lat' dir='ltr'>caritatis</span> <span class='ocrx_word' id='word_1_46' title='bbox 1135 1442 1321 1529; x_wconf 82' lang='lat' dir='ltr'>experiebar</span> 
     </span>
     <span class='ocr_line' id='line_1_8' title="bbox 365 1543 1321 1631; baseline -0.002 -21"><span class='ocrx_word' id='word_1_47' title='bbox 365 1546 550 1630; x_wconf 77' lang='lat' dir='ltr'>imaginem,</span> <span class='ocrx_word' id='word_1_48' title='bbox 564 1568 638 1631; x_wconf 87' lang='lat' dir='ltr'>quae</span> <span class='ocrx_word' id='word_1_49' title='bbox 654 1545 688 1609; x_wconf 92' lang='lat' dir='ltr'>in</span> <span class='ocrx_word' id='word_1_50' title='bbox 704 1556 825 1610; x_wconf 83' lang='lat' dir='ltr'>oeterna</span> <span class='ocrx_word' id='word_1_51' title='bbox 840 1545 905 1610; x_wconf 88' lang='lat' dir='ltr'>vita</span> <span class='ocrx_word' id='word_1_52' title='bbox 919 1556 1074 1631; x_wconf 87' lang='lat' dir='ltr'>speratur.</span> <span class='ocrx_word' id='word_1_53' title='bbox 1107 1543 1192 1623; x_wconf 85' lang='lat' dir='ltr'>Illos,</span> <span class='ocrx_word' id='word_1_54' title='bbox 1203 1566 1321 1631; x_wconf 86' lang='lat' dir='ltr'>quaeso,</span> 
     </span>
     <span class='ocr_line' id='line_1_9' title="bbox 365 1646 1322 1733; baseline -0.001 -22"><span class='ocrx_word' id='word_1_55' title='bbox 365 1647 550 1733; x_wconf 85' lang='lat' dir='ltr'>diligentius</span> <span class='ocrx_word' id='word_1_56' title='bbox 570 1648 747 1726; x_wconf 88' lang='lat' dir='ltr'>sollicitate,</span> <span class='ocrx_word' id='word_1_57' title='bbox 771 1660 808 1713; x_wconf 90' lang='lat' dir='ltr'>ut</span> <span class='ocrx_word' id='word_1_58' title='bbox 829 1647 1032 1713; x_wconf 91' lang='lat' dir='ltr'>alumnorum</span> <span class='ocrx_word' id='word_1_59' title='bbox 1058 1670 1188 1713; x_wconf 89' lang='lat' dir='ltr'>suorum</span> <span class='ocrx_word' id='word_1_60' title='bbox 1211 1646 1322 1712; x_wconf 90' lang='lat' dir='ltr'>memi-</span> 
     </span>
     <span class='ocr_line' id='line_1_10' title="bbox 365 1749 1322 1834; baseline -0.002 -20"><span class='ocrx_word' id='word_1_61' title='bbox 365 1749 473 1815; x_wconf 90' lang='lat' dir='ltr'>nerint</span> <span class='ocrx_word' id='word_1_62' title='bbox 485 1751 519 1814; x_wconf 90' lang='lat' dir='ltr'>in</span> <span class='ocrx_word' id='word_1_63' title='bbox 535 1750 729 1815; x_wconf 91' lang='lat' dir='ltr'>orationibus</span> <span class='ocrx_word' id='word_1_64' title='bbox 744 1749 819 1815; x_wconf 90' lang='lat' dir='ltr'>suis.</span> <span class='ocrx_word' id='word_1_65' title='bbox 861 1751 969 1825; x_wconf 88' lang='lat' dir='ltr'>Quam</span> <span class='ocrx_word' id='word_1_66' title='bbox 991 1750 1055 1815; x_wconf 87' lang='lat' dir='ltr'>cito</span> <span class='ocrx_word' id='word_1_67' title='bbox 1067 1755 1158 1818; x_wconf 86' lang='lat' dir='ltr'>Deus</span> <span class='ocrx_word' id='word_1_68' title='bbox 1172 1770 1322 1834; x_wconf 88' lang='lat' dir='ltr'>prospera</span> 
     </span>
     <span class='ocr_line' id='line_1_11' title="bbox 364 1850 1322 1929; baseline -0.002 -12"><span class='ocrx_word' id='word_1_69' title='bbox 364 1852 508 1929; x_wconf 84' lang='lat' dir='ltr'>donabit,</span> <span class='ocrx_word' id='word_1_70' title='bbox 519 1854 607 1917; x_wconf 88' lang='lat' dir='ltr'>vobis</span> <span class='ocrx_word' id='word_1_71' title='bbox 616 1851 811 1917; x_wconf 89' lang='lat' dir='ltr'>currentium</span> <span class='ocrx_word' id='word_1_72' title='bbox 822 1852 985 1917; x_wconf 91' lang='lat' dir='ltr'>literarum</span> <span class='ocrx_word' id='word_1_73' title='bbox 997 1851 1183 1928; x_wconf 88' lang='lat' dir='ltr'>ministerio,</span> <span class='ocrx_word' id='word_1_74' title='bbox 1196 1850 1322 1916; x_wconf 87' lang='lat' dir='ltr'>Christo</span> 
     </span>
     <span class='ocr_line' id='line_1_12' title="bbox 365 1951 1321 2038; baseline -0.002 -20"><span class='ocrx_word' id='word_1_75' title='bbox 365 1953 567 2038; x_wconf 83' lang='lat' dir='ltr'>propitiante,</span> <span class='ocrx_word' id='word_1_76' title='bbox 583 1953 818 2018; x_wconf 90' lang='lat' dir='ltr'>communicare</span> <span class='ocrx_word' id='word_1_77' title='bbox 834 1975 897 2017; x_wconf 90' lang='lat' dir='ltr'>non</span> <span class='ocrx_word' id='word_1_78' title='bbox 913 1952 1068 2020; x_wconf 86' lang='lat' dir='ltr'>differam.</span> <span class='ocrx_word' id='word_1_79' title='bbox 1111 1951 1225 2017; x_wconf 86' lang='lat' dir='ltr'>Valeat</span> <span class='ocrx_word' id='word_1_80' title='bbox 1239 1974 1321 2016; x_wconf 90' lang='lat' dir='ltr'>sem·</span> 
     </span>
     <span class='ocr_line' id='line_1_13' title="bbox 366 2054 1323 2141; baseline -0.001 -22"><span class='ocrx_word' id='word_1_81' title='bbox 366 2077 425 2140; x_wconf 90' lang='lat' dir='ltr'>per</span> <span class='ocrx_word' id='word_1_82' title='bbox 438 2068 472 2120; x_wconf 95' lang='lat' dir='ltr'>et</span> <span class='ocrx_word' id='word_1_83' title='bbox 491 2056 597 2141; x_wconf 84' lang='lat' dir='ltr'>vigeat</span> <span class='ocrx_word' id='word_1_84' title='bbox 610 2055 761 2121; x_wconf 90' lang='lat' dir='ltr'>sanctitas</span> <span class='ocrx_word' id='word_1_85' title='bbox 782 2068 896 2139; x_wconf 88' lang='lat' dir='ltr'>vestra,</span> <span class='ocrx_word' id='word_1_86' title='bbox 911 2067 945 2120; x_wconf 92' lang='lat' dir='ltr'>et</span> <span class='ocrx_word' id='word_1_87' title='bbox 959 2055 1056 2120; x_wconf 90' lang='lat' dir='ltr'>totius</span> <span class='ocrx_word' id='word_1_88' title='bbox 1077 2054 1221 2119; x_wconf 88' lang='lat' dir='ltr'>ecclesiae</span> <span class='ocrx_word' id='word_1_89' title='bbox 1236 2077 1323 2140; x_wconf 91' lang='lat' dir='ltr'>pros-</span> 
     </span>
     <span class='ocr_line' id='line_1_14' title="bbox 367 2157 1322 2244; baseline -0.002 -21"><span class='ocrx_word' id='word_1_90' title='bbox 367 2160 485 2244; x_wconf 83' lang='lat' dir='ltr'>peritas</span> <span class='ocrx_word' id='word_1_91' title='bbox 510 2160 543 2223; x_wconf 92' lang='lat' dir='ltr'>in</span> <span class='ocrx_word' id='word_1_92' title='bbox 570 2159 663 2225; x_wconf 91' lang='lat' dir='ltr'>bonis</span> <span class='ocrx_word' id='word_1_93' title='bbox 688 2159 838 2223; x_wconf 91' lang='lat' dir='ltr'>omnibus</span> <span class='ocrx_word' id='word_1_94' title='bbox 862 2159 1064 2244; x_wconf 89' lang='lat' dir='ltr'>provehatur,</span> <span class='ocrx_word' id='word_1_95' title='bbox 1086 2170 1130 2239; x_wconf 91' lang='lat' dir='ltr'>et,</span> <span class='ocrx_word' id='word_1_96' title='bbox 1154 2157 1180 2222; x_wconf 93' lang='lat' dir='ltr'>si</span> <span class='ocrx_word' id='word_1_97' title='bbox 1206 2157 1322 2243; x_wconf 88' lang='lat' dir='ltr'>placet,</span> 
     </span>
     <span class='ocr_line' id='line_1_15' title="bbox 365 2260 1322 2348; baseline -0.003 -21"><span class='ocrx_word' id='word_1_98' title='bbox 365 2284 538 2348; x_wconf 85' lang='lat' dir='ltr'>pauperem</span> <span class='ocrx_word' id='word_1_99' title='bbox 550 2262 746 2328; x_wconf 80' lang='lat' dir='ltr'>sacerdotem</span> <span class='ocrx_word' id='word_1_100' title='bbox 762 2264 794 2327; x_wconf 91' lang='lat' dir='ltr'>S.</span> <span class='ocrx_word' id='word_1_101' title='bbox 809 2264 936 2328; x_wconf 87' lang='lat' dir='ltr'>Cosmoe</span> <span class='ocrx_word' id='word_1_102' title='bbox 948 2261 1208 2327; x_wconf 87' lang='lat' dir='ltr'>commendatum</span> <span class='ocrx_word' id='word_1_103' title='bbox 1224 2260 1322 2325; x_wconf 88' lang='lat' dir='ltr'>babe-</span> 
     </span>
     <span class='ocr_line' id='line_1_16' title="bbox 369 2364 438 2429; baseline 0 -2"><span class='ocrx_word' id='word_1_104' title='bbox 369 2364 438 2429; x_wconf 87' lang='lat' dir='ltr'>atis.</span> 
     </span>
    </p>
   </div>
   <div class='ocr_carea' id='block_1_3' title="bbox 384 2639 1297 2824">
    <p class='ocr_par' dir='ltr' id='par_1_3' title="bbox 384 2639 1297 2824">
     <span class='ocr_line' id='line_1_17' title="bbox 384 2639 1297 2705; baseline 0.001 -3"><span class='ocrx_word' id='word_1_105' title='bbox 384 2639 524 2705; x_wconf 86' lang='lat' dir='ltr'><strong>EPIST.</strong></span> <span class='ocrx_word' id='word_1_106' title='bbox 549 2640 754 2704; x_wconf 76' lang='lat' dir='ltr'>CCCL-an</span> <span class='ocrx_word' id='word_1_107' title='bbox 769 2658 1061 2704; x_wconf 78' lang='lat' dir='ltr'>nxnraotonanu</span> <span class='ocrx_word' id='word_1_108' title='bbox 1078 2657 1297 2704; x_wconf 81' lang='lat' dir='ltr'>xxonransmu</span> 
     </span>
     <span class='ocr_line' id='line_1_18' title="bbox 599 2741 1072 2824; baseline 0.004 -18"><span class='ocrx_word' id='word_1_109' title='bbox 599 2760 800 2807; x_wconf 77' lang='lat' dir='ltr'>nmscoruu.</span> <span class='ocrx_word' id='word_1_110' title='bbox 849 2741 1072 2824; x_wconf 79' lang='grc' dir='ltr'><strong>[Α.Ι).1170.]</strong></span> 
     </span>
    </p>
   </div>
   <div class='ocr_carea' id='block_1_4' title="bbox 482 2924 1209 3011">
    <p class='ocr_par' dir='ltr' id='par_1_4' title="bbox 482 2924 1209 3011">
     <span class='ocr_line' id='line_1_19' title="bbox 482 2924 1209 3011; baseline -0.001 -21"><span class='ocrx_word' id='word_1_111' title='bbox 482 2924 573 2991; x_wconf 85' lang='lat' dir='ltr'>Idem</span> <span class='ocrx_word' id='word_1_112' title='bbox 590 2926 825 2990; x_wconf 77' lang='lat' dir='ltr'>Bartholomaeo</span> <span class='ocrx_word' id='word_1_113' title='bbox 840 2927 1024 2991; x_wconf 79' lang='lat' dir='ltr'>Econr&#39;ensi</span> <span class='ocrx_word' id='word_1_114' title='bbox 1039 2928 1209 3011; x_wconf 78' lang='lat' dir='ltr'>Episcopo.</span> 
     </span>
    </p>
   </div>
   <div class='ocr_carea' id='block_1_5' title="bbox 362 3060 1321 4473">
    <p class='ocr_par' dir='ltr' id='par_1_5' title="bbox 362 3060 1321 4473">
     <span class='ocr_line' id='line_1_20' title="bbox 408 3060 1320 3151; baseline 0.005 -25"><span class='ocrx_word' id='word_1_115' title='bbox 408 3065 577 3127; x_wconf 77' lang='lat' dir='ltr'>Eccxusm</span> <span class='ocrx_word' id='word_1_116' title='bbox 599 3060 631 3124; x_wconf 92' lang='lat' dir='ltr'>in</span> <span class='ocrx_word' id='word_1_117' title='bbox 654 3073 743 3125; x_wconf 88' lang='lat' dir='ltr'>arcto</span> <span class='ocrx_word' id='word_1_118' title='bbox 765 3073 823 3140; x_wconf 87' lang='lat' dir='ltr'>est,</span> <span class='ocrx_word' id='word_1_119' title='bbox 841 3074 873 3124; x_wconf 91' lang='lat' dir='ltr'>et</span> <span class='ocrx_word' id='word_1_120' title='bbox 896 3084 934 3124; x_wconf 89' lang='lat' dir='ltr'>ex</span> <span class='ocrx_word' id='word_1_121' title='bbox 959 3061 1151 3126; x_wconf 89' lang='lat' dir='ltr'>dissensione</span> <span class='ocrx_word' id='word_1_122' title='bbox 1174 3065 1263 3151; x_wconf 89' lang='lat' dir='ltr'>regni</span> <span class='ocrx_word' id='word_1_123' title='bbox 1288 3080 1320 3132; x_wconf 90' lang='lat' dir='ltr'>et</span> 
     </span>
     <span class='ocr_line' id='line_1_21' title="bbox 365 3162 1318 3248; baseline 0.003 -20"><span class='ocrx_word' id='word_1_124' title='bbox 365 3162 534 3228; x_wconf 90' lang='lat' dir='ltr'>sacerdotii</span> <span class='ocrx_word' id='word_1_125' title='bbox 560 3185 628 3227; x_wconf 87' lang='lat' dir='ltr'>eam</span> <span class='ocrx_word' id='word_1_126' title='bbox 660 3162 804 3248; x_wconf 92' lang='lat' dir='ltr'>undique</span> <span class='ocrx_word' id='word_1_127' title='bbox 834 3176 985 3248; x_wconf 89' lang='lat' dir='ltr'>premunt</span> <span class='ocrx_word' id='word_1_128' title='bbox 1014 3163 1180 3248; x_wconf 85' lang='lat' dir='ltr'>angustiae.</span> <span class='ocrx_word' id='word_1_129' title='bbox 1235 3168 1318 3231; x_wconf 90' lang='lat' dir='ltr'>Nam</span> 
     </span>
     <span class='ocr_line' id='line_1_22' title="bbox 366 3265 1318 3352; baseline 0.008 -25"><span class='ocrx_word' id='word_1_130' title='bbox 366 3287 462 3351; x_wconf 85' lang='lat' dir='ltr'>quam</span> <span class='ocrx_word' id='word_1_131' title='bbox 479 3287 534 3328; x_wconf 85' lang='lat' dir='ltr'>rex</span> <span class='ocrx_word' id='word_1_132' title='bbox 549 3267 689 3352; x_wconf 85' lang='lat' dir='ltr'>perimit,</span> <span class='ocrx_word' id='word_1_133' title='bbox 700 3265 755 3330; x_wconf 91' lang='lat' dir='ltr'>illa</span> <span class='ocrx_word' id='word_1_134' title='bbox 766 3265 912 3331; x_wconf 87' lang='lat' dir='ltr'>vendicat</span> <span class='ocrx_word' id='word_1_135' title='bbox 928 3265 1119 3346; x_wconf 89' lang='lat' dir='ltr'>libertatem,</span> <span class='ocrx_word' id='word_1_136' title='bbox 1133 3278 1165 3332; x_wconf 91' lang='lat' dir='ltr'>ct</span> <span class='ocrx_word' id='word_1_137' title='bbox 1180 3268 1207 3332; x_wconf 92' lang='lat' dir='ltr'>si</span> <span class='ocrx_word' id='word_1_138' title='bbox 1223 3269 1318 3335; x_wconf 89' lang='lat' dir='ltr'>vellet</span> 
     </span>
     <span class='ocr_line' id='line_1_23' title="bbox 364 3366 1321 3456; baseline 0.007 -27"><span class='ocrx_word' id='word_1_139' title='bbox 364 3377 501 3429; x_wconf 86' lang='lat' dir='ltr'>astatus</span> <span class='ocrx_word' id='word_1_140' title='bbox 516 3367 564 3429; x_wconf 93' lang='lat' dir='ltr'>sui</span> <span class='ocrx_word' id='word_1_141' title='bbox 580 3366 761 3430; x_wconf 87' lang='lat' dir='ltr'>defensione</span> <span class='ocrx_word' id='word_1_142' title='bbox 777 3390 897 3433; x_wconf 87' lang='lat' dir='ltr'>cessare</span> <span class='ocrx_word' id='word_1_143' title='bbox 912 3378 945 3431; x_wconf 89' lang='lat' dir='ltr'>et</span> <span class='ocrx_word' id='word_1_144' title='bbox 958 3367 1156 3455; x_wconf 88' lang='lat' dir='ltr'>acquiescere</span> <span class='ocrx_word' id='word_1_145' title='bbox 1170 3371 1321 3456; x_wconf 88' lang='lat' dir='ltr'>jussioni-</span> 
     </span>
     <span class='ocr_line' id='line_1_24' title="bbox 364 3466 1320 3556; baseline 0.008 -26"><span class='ocrx_word' id='word_1_146' title='bbox 364 3466 425 3530; x_wconf 92' lang='lat' dir='ltr'>bus</span> <span class='ocrx_word' id='word_1_147' title='bbox 441 3478 658 3552; x_wconf 90' lang='lat' dir='ltr'>tyrannorum,</span> <span class='ocrx_word' id='word_1_148' title='bbox 673 3466 757 3530; x_wconf 92' lang='lat' dir='ltr'>illico</span> <span class='ocrx_word' id='word_1_149' title='bbox 771 3467 1021 3554; x_wconf 84' lang='lat' dir='ltr'>indignationem</span> <span class='ocrx_word' id='word_1_150' title='bbox 1041 3471 1222 3556; x_wconf 76' lang='lat' dir='ltr'>apostolicae</span> <span class='ocrx_word' id='word_1_151' title='bbox 1238 3473 1320 3538; x_wconf 89' lang='lat' dir='ltr'>sedis</span> 
     </span>
     <span class='ocr_line' id='line_1_25' title="bbox 364 3566 1320 3655; baseline 0.007 -23"><span class='ocrx_word' id='word_1_152' title='bbox 364 3567 533 3653; x_wconf 87' lang='lat' dir='ltr'>exciperet.</span> <span class='ocrx_word' id='word_1_153' title='bbox 581 3566 643 3631; x_wconf 88' lang='lat' dir='ltr'>Sed</span> <span class='ocrx_word' id='word_1_154' title='bbox 667 3567 744 3654; x_wconf 89' lang='lat' dir='ltr'>quia</span> <span class='ocrx_word' id='word_1_155' title='bbox 769 3568 861 3655; x_wconf 87' lang='lat' dir='ltr'>longe</span> <span class='ocrx_word' id='word_1_156' title='bbox 888 3570 1085 3636; x_wconf 88' lang='lat' dir='ltr'>tolerabilius</span> <span class='ocrx_word' id='word_1_157' title='bbox 1109 3585 1158 3637; x_wconf 91' lang='lat' dir='ltr'>est</span> <span class='ocrx_word' id='word_1_158' title='bbox 1181 3575 1320 3640; x_wconf 90' lang='lat' dir='ltr'>incidere</span> 
     </span>
     <span class='ocr_line' id='line_1_26' title="bbox 363 3668 1319 3761; baseline 0.008 -30"><span class='ocrx_word' id='word_1_159' title='bbox 363 3668 396 3731; x_wconf 91' lang='lat' dir='ltr'>in</span> <span class='ocrx_word' id='word_1_160' title='bbox 420 3691 533 3734; x_wconf 90' lang='lat' dir='ltr'>manus</span> <span class='ocrx_word' id='word_1_161' title='bbox 557 3670 731 3751; x_wconf 91' lang='lat' dir='ltr'>hominum,</span> <span class='ocrx_word' id='word_1_162' title='bbox 756 3694 854 3758; x_wconf 91' lang='lat' dir='ltr'>quam</span> <span class='ocrx_word' id='word_1_163' title='bbox 880 3671 1098 3759; x_wconf 90' lang='lat' dir='ltr'>derelinquere</span> <span class='ocrx_word' id='word_1_164' title='bbox 1121 3672 1222 3761; x_wconf 89' lang='lat' dir='ltr'>legem</span> <span class='ocrx_word' id='word_1_165' title='bbox 1246 3676 1319 3752; x_wconf 90' lang='lat' dir='ltr'>Dei,</span> 
     </span>
     <span class='ocr_line' id='line_1_27' title="bbox 363 3769 1319 3862; baseline 0.009 -29"><span class='ocrx_word' id='word_1_166' title='bbox 363 3769 625 3837; x_wconf 91' lang='lat' dir='ltr'>officiosissimum</span> <span class='ocrx_word' id='word_1_167' title='bbox 644 3785 677 3837; x_wconf 90' lang='lat' dir='ltr'>et</span> <span class='ocrx_word' id='word_1_168' title='bbox 696 3773 984 3839; x_wconf 89' lang='lat' dir='ltr'>consiliosissimum</span> <span class='ocrx_word' id='word_1_169' title='bbox 1008 3786 1121 3862; x_wconf 90' lang='lat' dir='ltr'>reputo</span> <span class='ocrx_word' id='word_1_170' title='bbox 1144 3800 1206 3840; x_wconf 92' lang='lat' dir='ltr'>non</span> <span class='ocrx_word' id='word_1_171' title='bbox 1224 3778 1319 3842; x_wconf 92' lang='lat' dir='ltr'>modo</span> 
     </span>
     <span class='ocr_line' id='line_1_28' title="bbox 364 3874 1319 3964; baseline 0.008 -26"><span class='ocrx_word' id='word_1_172' title='bbox 364 3874 530 3941; x_wconf 86' lang='lat' dir='ltr'>facultates</span> <span class='ocrx_word' id='word_1_173' title='bbox 542 3891 574 3941; x_wconf 90' lang='lat' dir='ltr'>et</span> <span class='ocrx_word' id='word_1_174' title='bbox 585 3877 707 3942; x_wconf 84' lang='lat' dir='ltr'>fallacis</span> <span class='ocrx_word' id='word_1_175' title='bbox 717 3877 800 3942; x_wconf 92' lang='lat' dir='ltr'>dona</span> <span class='ocrx_word' id='word_1_176' title='bbox 810 3879 948 3944; x_wconf 90' lang='lat' dir='ltr'>fortunae</span> <span class='ocrx_word' id='word_1_177' title='bbox 961 3901 1020 3964; x_wconf 91' lang='lat' dir='ltr'>pro</span> <span class='ocrx_word' id='word_1_178' title='bbox 1031 3880 1151 3944; x_wconf 86' lang='lat' dir='ltr'>tuenda</span> <span class='ocrx_word' id='word_1_179' title='bbox 1162 3879 1319 3962; x_wconf 88' lang='lat' dir='ltr'>libertate,</span> 
     </span>
     <span class='ocr_line' id='line_1_29' title="bbox 365 3977 1317 4068; baseline 0.007 -29"><span class='ocrx_word' id='word_1_180' title='bbox 365 3996 424 4061; x_wconf 87' lang='lat' dir='ltr'>pro</span> <span class='ocrx_word' id='word_1_181' title='bbox 446 3977 571 4062; x_wconf 86' lang='lat' dir='ltr'>legibus</span> <span class='ocrx_word' id='word_1_182' title='bbox 592 3980 742 4064; x_wconf 88' lang='lat' dir='ltr'>paternis,</span> <span class='ocrx_word' id='word_1_183' title='bbox 765 3980 913 4066; x_wconf 85' lang='lat' dir='ltr'>exemplo</span> <span class='ocrx_word' id='word_1_184' title='bbox 935 3993 1117 4045; x_wconf 90' lang='lat' dir='ltr'>sanctorum</span> <span class='ocrx_word' id='word_1_185' title='bbox 1140 4005 1317 4068; x_wconf 88' lang='lat' dir='ltr'>exponere:</span> 
     </span>
     <span class='ocr_line' id='line_1_30' title="bbox 363 4076 1318 4168; baseline 0.006 -28"><span class='ocrx_word' id='word_1_186' title='bbox 363 4076 418 4140; x_wconf 89' lang='lat' dir='ltr'>sed</span> <span class='ocrx_word' id='word_1_187' title='bbox 445 4088 477 4141; x_wconf 90' lang='lat' dir='ltr'>et</span> <span class='ocrx_word' id='word_1_188' title='bbox 506 4078 614 4163; x_wconf 93' lang='lat' dir='ltr'>ipsum</span> <span class='ocrx_word' id='word_1_189' title='bbox 640 4101 765 4165; x_wconf 88' lang='lat' dir='ltr'>corpus,</span> <span class='ocrx_word' id='word_1_190' title='bbox 792 4079 881 4166; x_wconf 92' lang='lat' dir='ltr'>quod</span> <span class='ocrx_word' id='word_1_191' title='bbox 911 4080 1158 4167; x_wconf 88' lang='lat' dir='ltr'>quibuscunque</span> <span class='ocrx_word' id='word_1_192' title='bbox 1184 4081 1318 4168; x_wconf 85' lang='lat' dir='ltr'>flagellis</span> 
     </span>
     <span class='ocr_line' id='line_1_31' title="bbox 362 4181 1318 4268; baseline 0.006 -26"><span class='ocrx_word' id='word_1_193' title='bbox 362 4190 530 4257; x_wconf 89' lang='lat' dir='ltr'>atteratur,</span> <span class='ocrx_word' id='word_1_194' title='bbox 546 4181 791 4268; x_wconf 85' lang='lat' dir='ltr'>quibuscunque</span> <span class='ocrx_word' id='word_1_195' title='bbox 811 4195 1021 4268; x_wconf 87' lang='lat' dir='ltr'>tyrannorum</span> <span class='ocrx_word' id='word_1_196' title='bbox 1044 4183 1233 4249; x_wconf 88' lang='lat' dir='ltr'>carnificinis</span> <span class='ocrx_word' id='word_1_197' title='bbox 1253 4196 1318 4249; x_wconf 91' lang='lat' dir='ltr'>tor-</span> 
     </span>
     <span class='ocr_line' id='line_1_32' title="bbox 362 4283 1316 4371; baseline 0.001 -25"><span class='ocrx_word' id='word_1_198' title='bbox 362 4295 498 4367; x_wconf 88' lang='lat' dir='ltr'>queatur</span> <span class='ocrx_word' id='word_1_199' title='bbox 513 4283 553 4347; x_wconf 90' lang='lat' dir='ltr'>ad</span> <span class='ocrx_word' id='word_1_200' title='bbox 571 4306 718 4369; x_wconf 88' lang='lat' dir='ltr'>praesens,</span> <span class='ocrx_word' id='word_1_201' title='bbox 735 4283 834 4349; x_wconf 90' lang='lat' dir='ltr'>velint</span> <span class='ocrx_word' id='word_1_202' title='bbox 850 4283 951 4348; x_wconf 90' lang='lat' dir='ltr'>nolint</span> <span class='ocrx_word' id='word_1_203' title='bbox 972 4299 1231 4371; x_wconf 86' lang='lat' dir='ltr'>persequutores,</span> <span class='ocrx_word' id='word_1_204' title='bbox 1246 4284 1316 4371; x_wconf 92' lang='lat' dir='ltr'>pul-</span> 
     </span>
     <span class='ocr_line' id='line_1_33' title="bbox 362 4383 1316 4473; baseline 0.003 -27"><span class='ocrx_word' id='word_1_205' title='bbox 362 4383 466 4450; x_wconf 89' lang='lat' dir='ltr'>chrius</span> <span class='ocrx_word' id='word_1_206' title='bbox 492 4398 523 4449; x_wconf 82' lang='lat' dir='ltr'>ct</span> <span class='ocrx_word' id='word_1_207' title='bbox 548 4384 672 4466; x_wconf 89' lang='lat' dir='ltr'>fortius,</span> <span class='ocrx_word' id='word_1_208' title='bbox 693 4398 789 4472; x_wconf 89' lang='lat' dir='ltr'>prout</span> <span class='ocrx_word' id='word_1_209' title='bbox 813 4386 925 4449; x_wconf 84' lang='lat' dir='ltr'>merita</span> <span class='ocrx_word' id='word_1_210' title='bbox 948 4387 1175 4471; x_wconf 84' lang='lat' dir='ltr'>praecesserint,</span> <span class='ocrx_word' id='word_1_211' title='bbox 1198 4386 1316 4473; x_wconf 84' lang='lat' dir='ltr'>glorifi-</span> 
     </span>
    </p>
   </div>
   <div class='ocr_carea' id='block_1_6' title="bbox 0 0 1696 5525">
    <p class='ocr_par' dir='ltr' id='par_1_6' title="bbox 0 0 1696 5525">
     <span class='ocr_line' id='line_1_34' title="bbox 0 0 1696 5525; baseline 0 0"><span class='ocrx_word' id='word_1_212' title='bbox 0 0 1696 5525; x_wconf 95' lang='lat' dir='ltr'> </span> 
     </span>
    </p>
   </div>
  </div>
 </body>
</html>
