3384 5525
526 761 545 815 ⁶2
794 766 930 810 ioannis
946 765 1222 809 snuusnnnrrusrs
1392 747 1441 828 [n.
1461 766 1492 811 n.

530 922 604 985 tatis
618 932 729 983 vestrae
745 926 778 981 et
793 916 995 982 discretionis
1017 938 1197 996 censuram,
1217 940 1312 1004 quam
1332 917 1494 981 adversus

531 1022 694 1107 improbos
704 1041 806 1083 mores
815 1020 982 1083 exercetis.
1014 1019 1078 1084 Sed
1090 1019 1221 1084 attendo
1232 1018 1320 1104 quod
1330 1019 1494 1104 scriptum

533 1135 598 1186 est:
626 1121 742 1205 Capite
764 1121 989 1202 languescente
1012 1132 1128 1185 caetera
1148 1121 1291 1185 membra
1312 1118 1497 1185 redduntur

530 1224 691 1307 languida.
743 1222 884 1286 Attendo
914 1225 1133 1306 suffraganeos
1159 1237 1282 1289 vestros
1311 1224 1368 1308 qui
1399 1223 1493 1288 dese·

532 1339 645 1389 cerunt
672 1327 706 1388 in
738 1326 790 1388 die
813 1323 902 1397 belli,
931 1325 1028 1389 immo
1058 1339 1228 1389 erexerunt
1253 1325 1412 1390 cervicem
1441 1326 1491 1389 in·

532 1427 734 1501 obedientiae,
746 1437 779 1489 ct
794 1446 827 1487 se
845 1424 1041 1490 adversarios
1057 1437 1241 1491 statuerunt.
1287 1426 1374 1500 Quid
1390 1427 1495 1510 igitur

531 1529 617 1591 solus
641 1530 746 1607 saciet,
768 1529 823 1612 qui
846 1550 910 1591 nou
935 1528 1034 1592 habet
1056 1530 1286 1606 sublevantem,
1301 1549 1409 1612 neque
1434 1550 1493 1592 co·

531 1628 750 1712 operatorem?
790 1629 824 1692 Si
853 1640 958 1691 tamen
985 1629 1144 1692 Dominus
1173 1650 1232 1712 pro
1259 1627 1364 1705 nobis,
1389 1650 1493 1694 nemo

531 1731 677 1813 proficiet
699 1743 810 1794 contra
836 1752 902 1790 rios.
949 1731 1024 1812 lpse
1050 1730 1134 1792 eninr
1158 1728 1341 1812 reprobabit
1363 1731 1493 1810 cogita·

531 1832 635 1894 tiones
650 1847 683 1894 et
698 1830 953 1893 machinationes
965 1828 1099 1912 injustas
1115 1830 1336 1912 episcoporum
1351 1830 1496 1914 Angtiae,

530 1944 561 1993 et
577 1932 748 2014 dissipabit
764 1930 898 1993 consilia
914 1930 1078 2013 principis.

574 2030 712 2113 Scripsit
748 2041 854 2091 antem
884 2049 942 2090 rex
972 2029 1095 2110 Anglire
1125 2029 1256 2093 domino
1286 2030 1494 2111 Coloniensi,

530 2131 709 2194 chricum
747 2130 898 2192 Pisanum
934 2140 965 2191 et
996 2130 1191 2193 Willelnrum
1234 2132 1425 2214 l‘apicnsem
1458 2134 1494 2197 in

531 2232 698 2295 Francinm
715 2244 866 2295 venturos
882 2231 921 2295 ad
943 2254 1041 2295 noras
1057 2233 1242 2295 exactiones
1258 2233 1439 2314 faciendas,
1455 2247 1494 2299 ut

530 2332 674 2417 undique
696 2334 866 2397 corradant
888 2343 922 2396 et
944 2334 1145 2411 contrahant,
1170 2333 1253 2397 uude
1278 2356 1363 2418 papa
1385 2337 1492 2400 Alex·

530 2430 629 2494 ander
644 2432 677 2493 in
695 2433 771 2493 urbe
790 2444 993 2496 sustentetur.
1039 2434 1136 2508 Alter,
1152 2446 1187 2495 ut
1208 2435 1320 2512 nostis,
1336 2435 1422 2499 levis
1439 2449 1493 2502 est

529 2543 562 2597 et
584 2534 757 2609 mutabilis,
781 2537 861 2598 alter
886 2534 1016 2597 dolosus
1039 2546 1071 2597 et
1097 2533 1326 2611 fraudulentus,
1349 2547 1492 2622 uterque

528 2634 666 2717 cupidus
688 2646 720 2697 et
743 2656 873 2699 avarus:
902 2645 934 2698 et
957 2636 1029 2699 ideo
1053 2635 1093 2699 do
1113 2637 1198 2700 sacili
1223 2659 1355 2702 munera
1376 2661 1489 2706 coeca·

526 2739 609 2803 bunt
622 2758 690 2816 eos,
704 2749 736 2802 et
750 2736 791 2803 ad
807 2758 936 2801 omnem
949 2737 1134 2822 injustitiam
1150 2739 1371 2806 incurvabunt.
1423 2746 1492 2811 Au·

525 2839 592 2904 dito
617 2862 724 2904 eorum
751 2839 943 2904 detestando
969 2840 1118 2919 adventu,
1141 2844 1246 2905 statirn
1275 2846 1490 2913 vehementer

525 2943 693 3007 formidare
722 2944 808 3025 coepi
838 2945 1040 3027 praesentiam
1077 2967 1185 3009 corrnn
1218 2968 1338 3009 eanssae
1370 2961 1490 3017 restrae

524 3047 656 3109 multum
677 3047 875 3108 nocituram:
901 3054 934 3107 ct
955 3066 996 3107 ne
1021 3058 1123 3107 restro
1147 3069 1184 3109 ac
1210 3060 1383 3112 vestrorum
1409 3074 1489 3117 san·

526 3145 621 3224 guino
638 3143 770 3222 gratiam
784 3145 868 3222 regis
883 3143 1008 3224 Anglioe
1032 3143 1184 3208 redimere
1199 3169 1262 3208 non
1279 3150 1489 3218 crubescant.

525 3243 602 3305 Hoc
623 3243 730 3323 itaque
747 3242 892 3314 consulo,
909 3254 945 3304 ut
966 3263 1023 3325 pcr
1042 3264 1147 3323 regern
1166 3247 1358 3312 Francorum
1375 3264 1410 3315 ct
1426 3276 1489 3338 per

526 3341 750 3405 Cistertienses
772 3338 859 3405 circa
878 3342 965 3404 hunc
988 3345 1155 3408 articulum
1175 3348 1218 3410 ita
1238 3353 1489 3433 praeveniantur,

525 3453 571 3520 ut,
587 3442 713 3505 etiamsi
728 3441 838 3520 velint,
854 3443 887 3505 in
910 3443 970 3507 hac
993 3457 1082 3528 parte
1097 3467 1162 3509 non
1184 3451 1311 3532 possint
1333 3474 1487 3533 perverse

525 3565 630 3624 agere.
675 3543 838 3608 Confidite
861 3557 966 3609 tamen
992 3548 1025 3610 in
1044 3548 1170 3632 justitia
1193 3566 1313 3617 vestra:
1339 3568 1371 3618 et
1391 3559 1486 3626 bona

524 3644 606 3708 fides
619 3645 652 3708 in
669 3667 726 3730 spe
748 3655 834 3710 certa
851 3669 906 3711 vos
922 3649 1036 3713 foveat.
1082 3651 1171 3735 Papa
1192 3655 1278 3717 enirn
1295 3659 1487 3728 Alexander

523 3744 740 3810 indubitanter
759 3747 894 3812 obtinet·
943 3750 1042 3814 Filius
1062 3753 1148 3814 enirn
1170 3753 1280 3834 Siculi,
1297 3756 1328 3819 in
1345 3770 1485 3840 paterno

525 3867 624 3927 reguo
640 3847 858 3927 confirmatus,
873 3851 901 3913 ei
918 3850 959 3914 ad
975 3873 1103 3915 ornnem
1125 3866 1235 3918 nutum
1252 3859 1387 3921 assistet.
1436 3867 1486 3930 Et

523 3947 665 4012 vindicta
687 3951 751 4014 Dei
772 3951 939 4015 manifeste
963 3951 1095 4018 desaevit
1110 3955 1143 4018 in
1164 3958 1269 4021 medio
1292 3961 1483 4047 principum

523 4049 734 4114 Alemanniae.
779 4052 1049 4138 conspiraverunt
1072 4077 1157 4120 nunc
1181 4061 1271 4123 multi
1293 4063 1483 4148 principum

521 4159 631 4213 contra
645 4149 758 4214 ducem
772 4151 934 4216 Saxoniae.
965 4154 1060 4225 Quod
1075 4166 1182 4221 tamen
1198 4159 1371 4244 imperator
1385 4172 1481 4248 paci.

521 4247 618 4315 ficare
633 4247 806 4314 contendit.
852 4251 1055 4317 Coloniensis
1066 4257 1160 4318 etiam
1176 4258 1208 4320 in
1224 4271 1346 4342 partem
1362 4265 1479 4332 adver-

519 4353 670 4417 sariorum
694 4350 790 4430 cadit,
806 4350 962 4418 deficiens
977 4375 995 4416 a
1011 4355 1173 4435 societate,
1190 4382 1283 4442 quarn
1301 4385 1373 4426 cum
1391 4366 1479 4435 duce
