3384 5525
368 790 428 852 tta
625 802 762 848 iosuuts
777 796 1057 843 ssensunnrnusis
1225 779 1272 851 [s.
1290 794 1322 839 u.

369 955 489 1021 Christi
505 955 553 1018 sui
569 954 712 1040 passione
733 950 899 1015 clamavit:
932 948 1011 1011 Nott
1025 948 1175 1011 habemns
1193 955 1323 1028 patrem

368 1061 556 1120 animarum
572 1064 602 1120 et
613 1063 785 1139 pastorem,
800 1055 870 1115 nisi
886 1052 1071 1120 Coesorem?
1097 1049 1189 1132 Ergo
1204 1068 1323 1131 quaeso,

366 1157 481 1222 dilecte
504 1156 558 1236 mi,
572 1156 650 1220 dum
674 1168 799 1240 tempus
821 1165 880 1232 est,
902 1173 1021 1216 moram
1045 1149 1177 1226 redime,
1198 1162 1230 1212 et
1252 1169 1322 1234 per·

367 1258 465 1322 suade
486 1258 652 1334 fratribus,
668 1256 723 1341 qui
746 1254 847 1319 futuri
871 1266 945 1318 sunt
968 1251 1043 1316 socii
1060 1249 1321 1327 consolationum,

368 1373 404 1424 ut
421 1359 651 1423 communicent
668 1360 809 1444 paternis
830 1355 998 1440 angustiis,
1013 1376 1053 1416 ne
1073 1351 1201 1416 tandem
1224 1349 1321 1436 poeni-

367 1473 433 1527 teat
448 1485 512 1538 eos,
528 1476 560 1526 et
579 1459 699 1546 pudeat
720 1459 801 1523 solos
817 1483 849 1522 se
872 1481 929 1545 per
944 1456 1209 1521 inhumanitatem
1233 1476 1321 1519 exce-

367 1564 450 1650 pisse
472 1587 492 1627 a
515 1563 720 1628 tribulatione
746 1561 917 1635 communi,
945 1582 1018 1645 quae
1042 1570 1088 1622 est
1119 1560 1152 1621 in
1182 1556 1318 1620 Christo.

369 1668 516 1729 Auctore
532 1669 602 1729 Deo
617 1663 804 1747 navigamus
818 1662 849 1725 in
867 1675 972 1747 portu,
988 1674 1020 1725 et
1035 1671 1110 1747 post
1129 1657 1235 1723 tristia
1254 1657 1320 1722 sab-

368 1766 444 1830 bata
469 1766 545 1829 felix
572 1766 704 1829 irradiat
734 1764 810 1829 dies.
866 1768 951 1847 Lege
975 1765 1128 1847 rescripta
1159 1785 1235 1846 quae
1261 1761 1318 1825 tibi

367 1868 549 1942 mittuntur,
572 1866 701 1930 attende
727 1866 831 1929 verbis
856 1888 928 1951 quae
954 1864 1097 1928 nondum
1124 1861 1249 1927 licitum
1273 1875 1318 1926 est

366 1963 533 2049 publicari,
548 1987 684 2050 quorum
701 1964 809 2050 aliqua
824 1987 887 2027 nou
903 1964 962 2027 nisi
977 1963 1047 2043 tibi,
1058 1977 1090 2027 et
1107 1961 1237 2026 Oddoni
1253 1961 1318 2044 soli,

365 2065 457 2130 etiam
482 2066 542 2129 sub
557 2066 727 2130 assertione
749 2065 910 2150 religionis
932 2064 1070 2140 arctatis,
1085 2063 1318 2128 communicare

365 2166 415 2231 fas
438 2182 495 2232 est.
541 2168 603 2229 His
629 2165 758 2246 auditis,
782 2166 913 2231 consilio
939 2178 1039 2244 utere,
1061 2188 1118 2229 nec
1141 2165 1318 2251 suspiceris,

367 2266 454 2352 quod
477 2267 555 2331 mihi
582 2265 756 2353 quidquam
783 2277 899 2351 petam,
925 2265 979 2351 qui
1004 2265 1125 2350 gratias
1151 2287 1214 2349 ago
1239 2267 1316 2341 Deo,

367 2368 423 2454 qui
440 2391 489 2431 me
505 2368 564 2434 sibi
579 2369 645 2432 fere
661 2368 718 2432 soli
740 2369 910 2432 iuratione
934 2367 999 2432 dati
1015 2381 1048 2432 et
1069 2367 1192 2454 accepti
1216 2365 1315 2431 voluit

367 2470 512 2557 obligari.
561 2470 679 2534 Valete.

482 2768 702 2833 EPISTOLA
726 2768 1030 2833 ccxnvnn-sn
1045 2784 1201 2830 nnnnnu.

737 2871 781 2950 [a.
795 2889 825 2933 n
842 2872 949 2952 llos]

600 3049 751 3117 Willclmo
764 3052 929 3134 subpriori
944 3052 1080 3116 Cantica.

407 3190 559 3259 Assnnm,
584 3198 619 3250 ut
642 3209 681 3250 ex
710 3185 833 3262 litteris,
856 3208 937 3271 quas
964 3184 1121 3268 Magistro
1147 3184 1315 3270 Radulpho

363 3284 488 3360 misisti,
503 3286 646 3369 conjicio,
658 3288 745 3371 quod
762 3286 964 3371 reprehensio
978 3308 1048 3349 mea
1062 3285 1114 3350 vel
1128 3284 1315 3350 declamatio

363 3383 455 3446 facile
466 3386 582 3468 poterit
594 3388 751 3452 confutari
763 3412 770 3450 t
794 3387 872 3474 quia
883 3388 1015 3464 factum,
1028 3387 1116 3472 quod
1131 3389 1315 3471 arguebam,

364 3506 426 3547 non
456 3508 494 3547 eo
519 3507 584 3568 quo
610 3489 790 3573 expositum
818 3489 923 3553 fuerat
953 3488 1105 3575 processit
1133 3488 1247 3554 modo:
1284 3501 1313 3552 et

291 3665 294 3673 Ι
366 3583 488 3647 utinam
517 3606 577 3667 ego
606 3587 712 3671 potius
741 3589 910 3653 erraverim
940 3590 972 3653 in
1002 3588 1088 3653 facto
1117 3589 1314 3675 exponendo,

366 3706 461 3771 quam
489 3685 620 3749 ecclesia
641 3687 673 3749 in
696 3689 934 3756 committendo.
981 3690 1057 3753 Sitis
1079 3689 1182 3775 igitur
1203 3692 1315 3777 proba·

364 3785 471 3848 biliter
495 3787 649 3868 excusati,
675 3788 751 3852 dnm
784 3804 889 3855 tamen
919 3790 1099 3855 innocentia
1127 3791 1169 3854 de
1199 3793 1314 3856 meritis

363 3908 507 3970 operum,
524 3889 674 3972 quamde
697 3891 959 3975 persuasibilibus
982 3891 1129 3956 humanae
1152 3893 1314 3980 sapientiae

363 3987 468 4051 verbis
488 3992 594 4073 potius
616 3990 781 4057 elucescat.
827 3994 961 4058 Interim
985 4016 1041 4056 vos
1062 3994 1315 4081 archiepiscopus

363 4087 492 4151 habebit
522 4107 700 4169 excusatos,
727 4092 785 4156 nisi
814 4117 870 4158 voa
900 4107 1048 4159 accusent
1077 4118 1177 4180 opera
1204 4111 1313 4161 vestm.

365 4189 436 4253 Scio
451 4189 532 4252 enim
554 4191 723 4275 (quantum
738 4194 810 4258 licet
825 4196 946 4259 homini
962 4196 1002 4260 de
1014 4197 1142 4261 homine
1152 4197 1311 4282 judicare)

363 4291 451 4378 quod
463 4291 675 4358 universitatis
681 4309 794 4360 vestrae
804 4298 983 4382 profectum
994 4297 1100 4385 diligit
1109 4312 1142 4364 et
1153 4299 1312 4376 honorem,

365 4409 396 4457 et
412 4392 576 4456 affectione
592 4396 703 4481 majori
716 4398 860 4482 singulos
872 4400 1130 4487 amplecteretur,
1141 4401 1204 4466 nisi
1216 4413 1313 4468 essent
