3384 5525
371 818 471 897 llos]
753 833 932 877 nrrsronrn.
1257 821 1317 878 115

365 999 394 1053 ut
406 997 562 1052 terrerent
585 986 750 1050 dominum
773 1009 899 1071 papam,
915 998 946 1049 et
965 987 1156 1049 inclinarent
1179 985 1218 1050 ad
1241 987 1311 1049 libi-

363 1101 422 1155 tum
438 1088 553 1153 suum?
586 1089 670 1152 Haec
686 1089 719 1150 in
735 1090 881 1152 ecclesiae
896 1090 1051 1152 Romanae
1066 1089 1243 1152 scribentur
1258 1109 1299 1150 an

363 1194 496 1256 nalibns.
541 1193 590 1255 Et
604 1202 699 1269 certe,
718 1192 789 1254 Deo
804 1192 1007 1275 propitiante,
1023 1192 1077 1275 qui
1093 1192 1234 1254 scribant
1248 1212 1314 1252 non

363 1295 503 1370 deemnt,
520 1293 609 1377 quod
625 1293 668 1357 ad
686 1294 873 1376 petitionem
889 1304 921 1357 et
936 1293 1215 1356 comminationem
1230 1292 1315 1375 regis

363 1398 499 1480 Angliae,
522 1397 615 1482 cujus
638 1397 855 1460 intolerabiles
881 1418 1035 1459 excessus
1058 1405 1146 1458 tanto
1173 1405 1315 1476 tempore

363 1500 566 1577 sustinuerat,
582 1520 762 1582 praeconem
778 1500 929 1575 veritatis,
943 1498 1097 1560 libertatis
1117 1506 1315 1568 assertorem,

361 1602 606 1684 praedicatorem
622 1601 756 1685 justitiae
782 1623 841 1685 pro
866 1623 979 1664 caussa
1006 1599 1148 1675 Domini,
1171 1619 1244 1660 cnm
1267 1598 1313 1658 in-

363 1704 453 1765 finita
469 1703 676 1766 multitudine
696 1704 903 1768 innocentum
921 1704 990 1787 jarn
1012 1699 1221 1786 quadriennio
1237 1718 1316 1760 exn·

362 1807 491 1880 lautam,
508 1806 656 1886 neglecto
671 1806 803 1869 rationis
823 1817 856 1870 et
869 1807 951 1890 juris
972 1805 1093 1876 ordine,
1110 1804 1199 1866 velut
1213 1800 1317 1864 crimi-

362 1929 476 1971 nosum
504 1907 602 1970 officii
630 1908 680 1969 sui
704 1919 860 1991 potestate
889 1910 1032 1993 privarit.
1085 1907 1161 1969 Non
1188 1900 1317 1989 quidem

366 2010 437 2093 quia
460 2010 508 2072 illi
533 2019 725 2086 meruerunt,
748 2010 806 2072 sed
829 2011 903 2093 quia
925 2009 1045 2093 placuit
1067 2008 1229 2091 Tyranno
1274 2006 1318 2069 Et

366 2120 470 2175 tamen
494 2111 683 2195 patentibus
708 2112 819 2188 literis,
841 2134 913 2195 quae
938 2112 1026 2196 apud
1046 2133 1105 2173 nos
1130 2119 1214 2182 sunt,
1239 2129 1315 2171 con-

367 2228 517 2292 cesserat,
538 2225 574 2277 ut
596 2215 692 2277 officii
715 2214 763 2277 sni
783 2224 939 2298 potestate
962 2215 1059 2298 pleno
1076 2214 1149 2297 jure
1169 2224 1315 2276 uteretur.

367 2316 402 2378 In
418 2317 540 2400 quibus
561 2315 623 2377 hoc
645 2316 813 2399 expressit,
830 2315 917 2399 quod
937 2315 1051 2397 Ipsum
1072 2336 1177 2396 nepem
1192 2334 1318 2376 excom·

369 2418 574 2495 municandi,
595 2439 655 2480 -nec
679 2419 876 2481 mandatum
903 2418 1014 2494 dabat,
1039 2439 1098 2479 nec
1120 2416 1319 2497 prohibebat.

369 2518 460 2582 Deus
483 2519 583 2595 bone,
606 2520 684 2603 quid
711 2520 862 2584 novitatis
890 2518 1029 2583 accidit?
1070 2520 1159 2582 Dicit
1183 2518 1320 2601 Spiritus

369 2620 507 2684 Sanctus
530 2620 563 2682 in
586 2622 656 2703 lege
679 2643 755 2685 sua:
788 2623 916 2701 Clamo,
942 2643 1114 2685 necesses.
1158 2622 1204 2684 Et
1229 2641 1320 2691 ecce,

369 2723 551 2807 nescioqui
573 2723 709 2806 Spiritus
731 2725 772 2788 ab
793 2727 871 2789 urbe
894 2724 926 2787 in
949 2727 1059 2789 orbem
1074 2724 1187 2788 exiens
1207 2721 1322 2806 praedi-

371 2824 533 2889 catoribns
563 2825 661 2890 dicit:
698 2827 792 2907 Tace,
820 2849 860 2889 ae
889 2830 1017 2890 clames.
1067 2826 1217 2907 Praecipit
1245 2845 1324 2906 apo·

371 2928 483 3004 stolus,
499 2927 688 3010 episcopum
704 2929 888 2991 instituens:
913 2928 1137 2990 ministerium
1154 2935 1247 2988 tuum
1261 2927 1322 2987 im·

368 3032 430 3111 ple.
482 3030 529 3092 Et
554 3051 631 3093 ecce
655 3031 850 3114 apostolicus
873 3029 1038 3112 praecipit:
1079 3027 1124 3089 Ab
1150 3025 1249 3110 officii
1274 3029 1325 3090 tui

371 3133 554 3194 ministerio
579 3131 704 3194 desiste.
753 3132 817 3196 Sed
839 3133 919 3195 forte
946 3132 1135 3215 suspicatur,
1158 3129 1245 3212 quod
1267 3130 1324 3191 ho·

372 3232 489 3294 minem
502 3231 627 3315 possint
640 3254 698 3316 per
711 3235 898 3317 patientiam
915 3233 1066 3298 emollire.
1097 3232 1162 3295 Sed
1177 3233 1324 3317 nunquid

375 3335 436 3399 hoc
460 3346 616 3419 expertus
638 3337 741 3398 estin
764 3337 919 3420 episcopo
935 3337 1168 3410 Cautuariensi,
1185 3337 1240 3420 qui
1257 3329 1344 3420 jam

374 3435 436 3498 sere
467 3434 681 3518 quadriennio
710 3435 787 3498 sede
818 3456 877 3499 sua
906 3438 1057 3520 privatus,
1082 3447 1113 3499 et
1142 3437 1327 3521 apostolicae

376 3537 460 3600 sedis
482 3536 714 3615 remissionem,
728 3548 760 3601 et
782 3537 869 3600 illius
891 3539 1089 3622 tyrannidem
1110 3540 1205 3603 sentit
1226 3560 1327 3622 expo-

374 3636 452 3701 situs
474 3635 600 3701 ventis?
638 3639 808 3702 Provideat
834 3661 944 3723 quaeso
972 3641 1121 3704 dominus
1143 3662 1229 3725 papa
1251 3663 1327 3704 con·

374 3742 518 3805 scientiar
541 3763 618 3820 suae,
633 3741 800 3824 provideat
820 3755 851 3806 et
865 3743 968 3821 famae,
988 3755 1020 3807 et
1038 3744 1163 3821 honori,
1182 3754 1214 3807 et
1235 3744 1330 3807 saluti

376 3845 533 3908 ccclesiae.
587 3845 633 3906 Et
657 3865 713 3906 ros
743 3845 813 3908 haec
844 3846 874 3909 ei
904 3847 1088 3928 diligentius
1116 3847 1272 3920 intimate,
1299 3857 1332 3909 et

376 3948 566 4030 persuadete
604 3947 744 4010 dominis
783 3949 1017 4013 cardinalibus:
1056 3962 1092 4014 ut
1130 3950 1332 4014 meminerint

375 4047 493 4114 ludicii
509 4049 588 4124 Dei,
604 4046 692 4132 quod
708 4049 831 4134 jugiter
850 4052 1024 4135 implorant
1042 4074 1197 4136 pauperes
1213 4051 1331 4116 Christi

378 4158 486 4214 contra
501 4171 618 4214 omnes
631 4149 785 4214 libertatis
801 4154 945 4217 ecclesiae
960 4153 1118 4218 inimicos.
