3384 5525
280 760 392 833 1167]
668 776 846 822 arrsrouar.
1197 765 1238 823 39

277 927 356 989 Dei.
400 928 555 1011 Alioquin
578 936 615 990 ut
641 929 720 1013 quid
745 939 858 993 terrum
884 927 1045 1011 occupat?
1073 929 1130 991 sed
1151 930 1235 993 absit

274 1038 313 1089 ut
344 1026 385 1089 de
415 1048 453 1090 eo
484 1036 550 1090 tarn
583 1026 711 1092 sinistra
747 1027 926 1107 credamus,
955 1051 1051 1113 quam
1084 1050 1231 1111 perversa

268 1126 424 1210 jactitant
460 1127 631 1191 adversarii
655 1130 771 1193 nostri:
809 1128 866 1191 sed
898 1130 925 1191 si
953 1129 1050 1211 legati
1079 1129 1113 1192 in
1142 1140 1233 1193 tanta

271 1229 410 1292 veniunt
423 1238 595 1312 potestate,
606 1241 642 1292 ut
656 1232 697 1293 ab
713 1231 760 1293 eis
775 1229 929 1313 appellari
944 1251 1009 1292 non
1025 1231 1138 1314 possit,
1150 1230 1231 1315 quid

273 1329 464 1393 consulitis?
505 1334 589 1404 Nam
616 1331 785 1416 Papiensis
808 1332 965 1394 hactenus
988 1332 1021 1394 in
1048 1354 1144 1396 causa
1169 1332 1231 1396 ista

271 1432 359 1512 regis
372 1453 463 1514 opes,
474 1453 541 1495 non
552 1432 698 1495 timorem
710 1432 785 1508 Dei,
796 1432 846 1494 vel
858 1432 1017 1496 Ecclesiae
1028 1434 1228 1498 honestatem

271 1533 387 1595 habuit
401 1544 475 1596 ante
492 1543 702 1616 conspectum
722 1554 825 1596 suum.
872 1533 907 1595 Si
923 1532 1052 1616 quidem
1067 1535 1123 1596 ubi
1139 1555 1228 1598 amor

270 1634 352 1717 ejus,
374 1644 407 1696 et
429 1635 551 1697 oculus.
596 1635 687 1696 Alter
708 1654 783 1695 vero
798 1632 846 1694 vir
869 1633 964 1696 bonae
987 1633 1149 1716 opinionis
1170 1645 1229 1713 est,

271 1736 440 1799 Romanus
455 1746 560 1799 tamen
577 1744 609 1800 et
624 1735 818 1800 cardinalis.
865 1732 961 1807 Quod
977 1734 1003 1797 si
1020 1755 1129 1797 eorum
1153 1756 1227 1799 exa·

272 1857 344 1899 men
361 1836 641 1912 declinaverimus,
658 1836 829 1901 verendam
849 1846 897 1899 cst
911 1856 951 1899 ne
967 1834 1054 1918 apud
1070 1856 1179 1917 regem
1196 1851 1229 1901 et
1296 1898 1300 1905 .

270 1939 456 2001 Ecclesiam
473 1940 673 2003 Gallicanam
694 1960 799 2002 causae
814 1946 931 2001 nostrae
953 1937 1087 2001 laedatur
1106 1939 1226 2021 opinio.

272 2039 307 2102 Si
329 2040 563 2124 susceperimus
585 2042 661 2104 licet
684 2052 864 2123 suspectos,
886 2038 1062 2103 timendum
1085 2061 1126 2103 ne
1148 2042 1223 2103 sub·

271 2155 396 2207 vertant
404 2143 562 2227 justitiam
578 2156 728 2207 nostram.
760 2144 1005 2227 Dispensabunt
1020 2141 1060 2205 de
1074 2143 1226 2223 nobis‚ut
1253 2215 1260 2227 ,

270 2246 495 2310 detrimentum
506 2248 666 2310 Ecclesiae
681 2256 893 2329 compensent
905 2246 1022 2309 loculis
1037 2245 1113 2308 suis.
1138 2248 1223 2309 Nam

270 2368 507 2431 quamcumque
529 2349 695 2412 videantur
716 2348 831 2411 fecisse
855 2368 976 2431 pacem,
992 2346 1093 2410 titulis
1115 2358 1147 2410 et
1168 2347 1221 2410 tri-

268 2450 400 2533 umphis
429 2450 496 2513 suis
524 2450 695 2513 ascribent
751 2450 919 2512 Debentur
943 2448 1039 2511 nobis
1067 2448 1223 2530 imprimis

267 2551 426 2615 restitutio
449 2553 635 2629 ablatorum,
651 2563 683 2616 et
702 2552 839 2627 sedium,
854 2562 886 2615 et
900 2551 1081 2615 reformatio
1104 2550 1222 2615 securi-

267 2654 352 2716 tatis.
398 2652 463 2716 Sed
478 2654 620 2717 fortassis
634 2653 823 2736 praecipient
836 2675 896 2717 nos
911 2674 1013 2737 usquc
1028 2652 1071 2716 ad
1086 2652 1222 2717 decisio-

265 2777 341 2819 nem
355 2754 451 2818 totius
459 2755 524 2820 litis
536 2755 611 2820 solis
627 2755 829 2820 cautionibus
844 2778 916 2820 esse
932 2765 1111 2835 contentos,
1124 2777 1220 2838 quam

266 2857 484 2920 conditionem
514 2878 609 2921 nemo
635 2857 677 2920 ad
700 2858 890 2940 litigandum
921 2858 985 2920 nisi
1008 2857 1140 2918 insanus
1165 2854 1221 2917 ad·

264 2959 387 3035 mittet3
412 2959 475 3022 hoc
501 2971 609 3022 autem
635 2969 671 3023 ut
693 2959 856 3023 memoriae
881 2955 1011 3020 fidelius
1032 2958 1163 3030 haereat,
1185 2955 1218 3018 in

266 3058 331 3122 fine
347 3060 461 3122 censui
474 3060 698 3143 repetendum.

262 3300 486 3366 EPISTOLA
516 3302 731 3367 cclii-in
749 3322 830 3367 risa.
851 3321 935 3366 srnv.
953 3319 1216 3366 rnussuaamurr

482 3423 728 3469 Luxovruusun.
777 3406 870 3486 [Α.1).
888 3406 997 3486 1167.]

296 3539 461 3621 Magistro
475 3542 630 3607 Silvestro
648 3543 863 3606 Thesaurorio
878 3541 1067 3605 lemoviensi
1079 3542 1177 3607 Jouu.

678 3645 806 3710 Sarest.

304 3781 450 3857 AunrrA,
477 3779 694 3854 dilectissime,
721 3802 801 3864 pace
826 3791 892 3855 tua,
918 3789 954 3843 ut
980 3781 1130 3864 oportuit,
1155 3805 1214 3866 pro

260 3881 366 3944 amico
378 3882 503 3945 laetatus
518 3903 600 3960 sum,
610 3883 665 3945 scd
677 3883 765 3947 omni
780 3885 994 3947 emolumento
1006 3884 1085 3946 mihi
1097 3887 1216 3965 gratior

260 3991 312 4045 est
336 3984 571 4065 perseverantia
597 3984 786 4065 honestatis,
812 3995 844 4049 et
868 4007 970 4069 usque
995 3985 1037 4049 ad
1062 3986 1214 4051 invidiam

260 4088 401 4145 veterum
424 4084 598 4148 amicorum
625 4086 717 4148 samae
740 4086 876 4167 purioris
898 4084 1051 4150 hilaritas.
1088 4089 1215 4153 Primus

259 4182 370 4267 itaque
385 4193 419 4247 et
432 4184 538 4250 adhuc
554 4187 642 4249 solus
656 4188 788 4250 formam
808 4189 1048 4272 perseverantiae
1062 4190 1096 4253 iu
1112 4213 1215 4272 agone

261 4284 447 4350 Christiano
474 4309 547 4352 cum
570 4290 722 4354 Ecclesia
744 4292 963 4355 laborantibus
985 4293 1162 4375 praebuisti,
1183 4302 1217 4355 et

259 4407 316 4469 per
339 4388 474 4468 gratiam
496 4389 561 4453 Dei
582 4390 714 4474 reliquis
729 4390 769 4456 de
785 4403 900 4456 caetcro
915 4388 1057 4475 proderit
1071 4391 1113 4454 ad
1128 4411 1215 4454 erec·
