3384 5525
363 764 423 821 184
627 777 765 821 rosanus
783 777 1063 821 astrasamunums
1221 762 1266 840 [x.
1285 782 1317 823 n.

362 930 422 991 line
446 929 620 1014 praesertim
645 932 676 992 iu
703 927 886 993 Christiano
913 928 1027 991 caritas
1050 944 1107 992 est.
1154 932 1315 994 Caeterum

363 1054 453 1093 rarus
468 1031 614 1094 inventus
630 1042 677 1093 est
692 1032 724 1092 iu
742 1042 810 1094 toto
825 1029 914 1092 exilii
932 1030 992 1092 mei
1014 1031 1247 1116 quinquenni0‚
1264 1032 1318 1117 qui

363 1132 440 1196 mihi
456 1133 610 1216 rependat
627 1131 745 1194 vicem:
779 1131 910 1195 undeet
931 1134 1031 1219 major
1055 1135 1159 1217 gratia
1175 1134 1320 1197 habenda

364 1247 411 1298 est
428 1234 559 1297 raritati.
602 1233 664 1296 Sed
680 1234 712 1296 in
729 1234 822 1319 cujus
838 1256 915 1296 aure
931 1234 1091 1319 querelam
1109 1236 1189 1298 hanc
1205 1235 1319 1320 deponi

364 1335 520 1420 oportuit,
544 1334 601 1397 nisi
626 1334 738 1397 tuam?
772 1333 828 1418 qui
853 1346 885 1397 et
907 1333 1033 1396 dulcem
1057 1333 1255 1397 affectionem
1278 1335 1318 1396 ad

365 1438 567 1500 conviventes
579 1434 695 1497 habere
710 1434 915 1518 dignosceris,
926 1459 1060 1521 eamque
1072 1434 1234 1499 radicibus
1246 1434 1319 1499 fidei

368 1538 560 1603 solidassem
574 1539 723 1603 Domino.
749 1537 873 1620 Neque,
886 1537 973 1621 quod
989 1540 1076 1601 Deus
1088 1551 1119 1600 et
1131 1537 1321 1601 conscientia

367 1639 465 1718 uovit,
481 1637 611 1724 querela
626 1637 770 1722 deposita
785 1652 832 1701 est
849 1638 889 1702 de
906 1637 1023 1713 amicis,
1041 1652 1075 1701 ut
1097 1638 1210 1701 faciam
1235 1661 1321 1722 quae-

367 1756 463 1820 stum,
475 1741 552 1826 quia
563 1740 641 1803 mihi
653 1740 827 1803 necessaria
840 1741 996 1804 ministrat
1008 1744 1097 1804 Deus
1107 1740 1147 1804 ad
1159 1741 1322 1805 abnndan-

369 1848 463 1908 tiam:
489 1843 542 1906 sed
560 1843 636 1928 quia
649 1841 829 1927 jucundum
843 1842 946 1905 visum
959 1857 1006 1907 cst
1016 1843 1042 1904 ei
1059 1841 1320 1926 ingratitudinem

366 1968 524 2031 exponere
546 1944 692 2023 aliorum,
706 1943 759 2006 cui
782 1944 887 2006 omnia
913 1943 999 2030 loqui
1024 1946 1126 2029 possis
1146 1957 1180 2008 ut
1205 1956 1319 2008 tecum.

369 2050 441 2111 Hoc
457 2047 613 2111 duntaxat
628 2047 660 2109 in
677 2046 916 2128 calceexigitur
930 2046 1118 2123 litterarum,
1132 2059 1169 2110 ut
1184 2045 1322 2109 caritatis

368 2149 525 2234 profectui
542 2148 661 2233 pariter
677 2146 890 2223 intendamus,
904 2159 935 2210 et
954 2170 1002 2210 me
1018 2170 1141 2233 semper
1156 2163 1188 2213 et
1202 2148 1321 2233 ubique

370 2263 498 2335 reputes
515 2264 615 2315 tuum.

465 2558 683 2622 EPISTOLA
707 2561 1236 2626 CCLXXVl.—snesnru1nuu.

734 2661 778 2741 [x.
798 2683 827 2724 n.
848 2662 957 2742 uua]

677 2831 762 2895 Idem
778 2854 836 2896 suo
854 2835 1023 2916 (lanfrido.

414 2966 600 3032 cennens
614 2965 770 3031 Dominus
787 2980 892 3030 noster
907 2966 1118 3030 innocentiam
1132 2979 1221 3031 tuam
1238 2969 1323 3053 apud

371 3093 422 3132 me
444 3069 519 3133 satis
533 3067 672 3132 reddidit
696 3082 891 3144 excusatum,
908 3069 968 3132 nisi
990 3068 1068 3153 quia
1082 3091 1151 3132 eam
1173 3083 1247 3134 ante
1264 3092 1324 3133 non

372 3171 566 3235 credideram
579 3171 802 3234 excusandam.
834 3171 884 3236 Ad
901 3170 977 3256 quid
994 3170 1077 3234 euim
1090 3171 1215 3257 proficit
1231 3196 1325 3236 excu-

372 3273 462 3346 satio,
479 3274 534 3336 ubi
557 3273 652 3358 culpa
675 3273 871 3360 praecessisse
893 3297 955 3336 non
971 3273 1136 3338 creditur?
1168 3275 1252 3338 Nam
1268 3297 1326 3340 nec

371 3373 425 3436 ille
440 3396 535 3459 quem
559 3374 732 3438 delatorem
755 3389 851 3460 putas
867 3375 926 3440 hoc
949 3398 1041 3460 agere
1063 3387 1194 3441 conatus
1216 3391 1274 3454 est,
1291 3390 1326 3442 ut

374 3476 414 3538 de
430 3487 486 3538 tua
507 3475 674 3538 dilectione
697 3475 819 3562 aliquid
843 3477 1006 3542 sinistrum
1030 3479 1216 3563 suspicarer.
1256 3483 1327 3543 Hoc

372 3591 476 3640 autem
490 3575 589 3641 solum
605 3573 706 3638 habeo
717 3575 887 3641 adversum
904 3593 946 3654 te,
958 3579 1045 3666 quod
1060 3603 1110 3643 me
1123 3593 1212 3644 tanta
1226 3581 1327 3646 facili-

372 3691 437 3744 tate
451 3677 687 3764 corruptibilem
703 3679 880 3757 credidisti,
897 3681 993 3746 immo
1015 3682 1111 3746 etiam
1127 3696 1325 3769 corruptum.

373 3781 542 3866 Numquid
568 3784 650 3845 enim
678 3795 850 3869 corruptus
877 3807 939 3848 non
965 3800 1012 3849 est
1038 3785 1088 3850 cui
1116 3785 1328 3872 suggestionis

373 3885 513 3969 impetus
527 3883 647 3948 excutit
663 3887 853 3950 caritatem?
878 3889 948 3951 Aut
964 3888 989 3950 si
1005 3888 1088 3952 nosti
1104 3887 1241 3952 edissere
1256 3906 1328 3974 quae

372 3990 413 4050 sit
439 3989 602 4072 corruptio
625 3988 736 4072 major,
762 4010 859 4072 quam
885 3988 1009 4052 avulsio
1035 3989 1185 4054 caritatis.
1233 3991 1327 4055 Certe

374 4111 464 4173 aeque
479 4086 687 4152 necessarium
708 4088 885 4151 membrum
902 4111 959 4152 nec
981 4089 1013 4152 in
1031 4088 1180 4154 membris
1203 4090 1326 4168 animae,

375 4214 432 4255 ncc
448 4191 481 4253 in
496 4189 645 4253 membris
668 4190 809 4274 corporis
825 4189 996 4256 invenitur.
1044 4191 1157 4255 Sedet
1184 4191 1254 4255 haec
1274 4205 1329 4257 tua

375 4294 469 4378 culpa
481 4290 657 4378 purgabilis
673 4305 734 4367 est,
747 4315 784 4354 eo
799 4293 884 4377 quod
902 4293 1005 4378 ipsum
1017 4293 1166 4378 genuisse
1179 4293 1268 4358 visus
1283 4306 1328 4357 est

373 4396 470 4472 zelus,
487 4394 600 4459 fovisse
624 4393 727 4474 timor,
742 4395 857 4459 auroris
885 4418 1009 4481 semper
1031 4393 1201 4459 individua
1226 4418 1328 4461 comes
