3384 5525
468 796 531 855 ⁶276
730 813 867 857 rasurus
883 810 1162 880 saunsnnmnusts
1328 794 1372 872 [a.
1392 812 1425 858 n.

471 974 584 1023 vestrae
599 974 630 1025 et
647 986 734 1027 meae.
781 963 908 1025 Placeat
930 963 1039 1047 itaque
1054 961 1213 1024 sanctitati
1229 974 1354 1041 vestrae,
1368 964 1426 1048 qui

469 1061 501 1124 in
517 1061 575 1124 bac
591 1076 681 1148 parte
696 1064 828 1128 novistis
842 1064 1053 1128 innocentiam
1070 1086 1183 1137 meam,
1198 1062 1316 1126 divinae
1332 1064 1424 1127 mise-

470 1162 602 1227 rationis
617 1163 737 1228 intnitu
753 1186 834 1240 eam,
845 1185 949 1249 quum
964 1162 1120 1248 optimum
1136 1162 1247 1239 fuerit,
1263 1185 1424 1243 excusare,

473 1278 507 1327 ut
525 1265 613 1328 Deus
629 1288 684 1328 vos
699 1278 732 1330 et
748 1278 871 1329 vestros
886 1264 927 1328 ab
942 1265 1028 1328 omni
1043 1265 1222 1329 discrimine
1238 1279 1377 1329 tueatur.

470 1527 692 1597 EPISTOLA
722 1524 998 1588 cccxlii-ao
1024 1540 1208 1586 tannasara
1231 1541 1273 1585 nr
1297 1541 1425 1586 rnnon·

633 1643 754 1688 uranu
770 1642 985 1687 cinomanna.
1031 1620 1075 1701 [A.
1089 1642 1119 1685 n.
1138 1622 1247 1701 lira]

469 1759 668 1828 ,Reverentia
682 1755 828 1819 dominis
841 1763 870 1817 et
882 1755 1034 1838 patribus
1048 1758 1083 1818 in
1107 1756 1233 1819 Christo
1253 1761 1427 1823 carissimis

515 1869 551 1928 Α.
578 1871 608 1925 et
637 1862 677 1924 T.
701 1870 820 1921 sancta
845 1859 1002 1920 Menona
1028 1858 1168 1921 eeclesia
1189 1861 1384 1942 presbyteris
1398 1870 1428 1924 et

513 1969 597 2030 sedis
611 1962 788 2047 apostolica
802 1960 911 2043 [epatis
926 1961 961 2023 J.
976 1961 1014 2023 de
1030 1963 1103 2024 Sar.
1124 1966 1309 2027 sanctitatis
1321 1985 1426 2028 eoram

513 2088 629 2143 scruas,
645 2064 789 2136 salutem,
812 2070 842 2122 et
862 2069 1025 2143 promptae
1044 2061 1218 2126 deuotionis
1239 2073 1270 2127 et
1282 2085 1426 2129 reueren-
1482 2131 1485 2135 ,

515 2166 790 2252 tiaesamulatum.

514 2289 640 2350 Divum
662 2294 826 2368 praeeunte
849 2292 880 2344 et
907 2280 996 2345 vobis
1016 2295 1204 2366 cooperante
1223 2286 1338 2367 gratia,
1355 2308 1426 2371 spes

472 2387 694 2453 consolationis
709 2382 816 2447 illuxit
836 2382 988 2460 ecclesiae,
1009 2395 1041 2445 et
1063 2381 1240 2447 insedibus
1262 2385 1347 2471 apud
1368 2408 1427 2450 nos

470 2488 657 2554 vacantibus
669 2487 796 2551 tandem
809 2487 870 2549 rite
883 2484 972 2548 licuit
983 2484 1112 2548 idoneos
1119 2484 1264 2549 ordinare
1271 2501 1424 2569 pastores.

471 2594 568 2658 Unde
582 2604 613 2656 et
630 2590 764 2674 contigit
786 2602 822 2652 ut
842 2587 972 2651 ecclesia
995 2586 1141 2650 Winton.
1165 2587 1226 2652 sibi
1246 2588 1276 2653 in
1301 2603 1424 2675 patrem

472 2711 503 2761 et
519 2707 677 2782 pastorem
693 2692 821 2776 elegerit
838 2690 941 2755 virum
958 2712 1053 2776 quem
1076 2701 1112 2755 ut
1127 2690 1270 2755 fidelium
1290 2714 1362 2778 spes
1376 2706 1425 2758 est

471 2799 511 2863 ad
535 2799 594 2862 hoc
615 2809 688 2860 ante
712 2794 871 2858 Dominus
893 2794 1110 2879 praeelegerat,
1126 2807 1239 2880 utpote
1254 2819 1292 2858 ex
1310 2818 1425 2882 magna

471 2915 562 2988 parte
577 2900 671 2965 talem
689 2898 813 2984 qualem
830 2896 951 2960 Paulus
970 2896 1153 2981 episcopum
1176 2897 1322 2982 praecipit
1339 2898 1423 2961 ordi-

471 3005 549 3068 nari.
612 3004 645 3065 Is
675 3014 720 3065 est
752 2997 976 3063 devotissimus
998 2997 1138 3063 ecclesiae
1162 3000 1316 3064 Romanae
1338 3001 1423 3065 filius

472 3106 631 3170 Ricardus
654 3102 815 3190 quondam
840 3102 1036 3165 Pictavensis
1062 3100 1310 3182 archidiaconus,
1331 3105 1424 3189 cujus

472 3208 661 3289 elemosynae
697 3206 900 3267 consolantur
933 3202 1078 3266 ecclesias
1110 3215 1301 3283 sanctorum,
1329 3205 1424 3290 cujus

471 3307 638 3369 facultates
668 3319 741 3368 sunt
776 3326 944 3387 egenoram
980 3301 1133 3383 subsidia,
1162 3305 1255 3389 cujus
1283 3317 1424 3390 potestas

470 3419 516 3469 est
532 3405 765 3468 firmamentum
777 3402 916 3486 justitiae
932 3414 963 3468 et
987 3403 1168 3489 iniquitatis
1189 3405 1422 3470 exterminatio.

471 3508 531 3571 Est
565 3523 672 3568 autem
706 3503 753 3566 vir
784 3503 922 3587 prudens
953 3504 984 3567 in
1020 3507 1170 3588 consiliis,
1203 3507 1360 3572 discretus
1389 3509 1423 3571 in

470 3631 577 3695 opere,
604 3604 768 3669 modestus
792 3607 824 3666 in
856 3604 965 3680 verbo,
992 3607 1085 3692 cujus
1111 3621 1148 3671 ut
1173 3609 1286 3693 opinor
1316 3608 1425 3672 indus-

471 3711 564 3775 triam
588 3722 619 3772 et
646 3707 794 3771 affectum
819 3706 969 3793 potuistis
993 3731 1049 3771 vos
1075 3707 1136 3794 ipsi
1160 3709 1355 3795 quaudoque
1370 3733 1424 3774 ex-

469 3812 575 3898 periri.
622 3813 674 3873 Sic
694 3813 777 3873 enim
793 3810 833 3871 ad
851 3813 956 3873 Deum
978 3821 1045 3874 tota
1060 3823 1165 3874 mente
1191 3810 1331 3875 creditur
1356 3835 1424 3876 esse

468 3935 649 3989 conversus,
673 3924 708 3974 ut
725 3934 780 3973 sua
796 3911 902 3973 omnia
924 3923 1104 3974 contemnat
1120 3909 1262 3996 prolege
1279 3913 1422 3993 Domini,

469 4030 501 4080 et
517 4039 549 4077 se.
564 4014 667 4100 ipsum
684 4014 715 4076 in
740 4013 935 4076 necessitatis
954 4011 1087 4076 articulo
1106 4026 1240 4097 paratus
1255 4015 1296 4076 sit
1310 4017 1424 4078 offerre

469 4116 655 4181 sacrificium
669 4118 749 4179 Deo.
774 4114 899 4178 Electio
914 4114 984 4199 ejus
999 4113 1102 4198 primo
1117 4114 1147 4176 in
1162 4114 1332 4200 episcopali
1349 4116 1425 4180 sede

468 4219 626 4283 celebrata
655 4228 712 4289 eat,
738 4213 769 4278 in
799 4219 1019 4301 episcoporum
1051 4229 1209 4280 conventu
1242 4216 1425 4282 solemniter

468 4320 655 4406 approbata,
686 4333 716 4382 et
741 4331 804 4382 tam
827 4317 1011 4382 electionem
1034 4338 1130 4402 quam
1161 4319 1424 4403 approbationem

469 4427 574 4506 regius
597 4420 756 4485 roboravit
779 4442 932 4483 assensus.
978 4419 1105 4484 Placeat
1129 4420 1239 4505 itaque
1261 4422 1424 4487 sanctitati
