3384 5525
367 737 478 815 1167.]
751 750 929 796 nersroum.
1274 738 1316 799 89

365 904 502 967 stabitur
521 904 555 966 in
579 904 698 967 finibus
719 904 800 982 istis,
823 904 926 968 donec
947 903 1084 967 ecclesia
1105 903 1318 983 convalescat,

365 1014 397 1067 et
420 1015 664 1089 persequutores
688 1005 758 1090 ejus
772 1016 827 1068 aut
850 1014 1085 1084 convertantur,
1099 1016 1154 1067 aut
1174 1015 1317 1088 pereant.

365 1108 426 1169 Illa
447 1109 569 1188 rogavit
590 1130 648 1191 pro
670 1118 713 1187 te,
727 1118 759 1171 et
774 1128 885 1189 rogare
907 1129 974 1170 non
996 1117 1112 1181 cessat,
1127 1117 1163 1170 ut
1180 1128 1244 1170 nou
1261 1106 1317 1170 de·

363 1207 452 1271 ficiat
476 1206 560 1273 fides
585 1221 650 1288 tua,
677 1219 710 1274 et
734 1219 779 1288 tu,
806 1209 1074 1293 quandocumque
1094 1208 1319 1293 opportunitas

364 1309 470 1389 fuerit,
484 1332 656 1374 conversus
670 1310 711 1373 ad
727 1311 812 1383 illos,
823 1310 978 1375 confirma
988 1312 1097 1374 fratres
1108 1321 1189 1374 tuos.
1234 1312 1317 1375 Haec

363 1411 428 1474 illis
444 1412 608 1487 ostendes,
622 1412 663 1475 ad
679 1434 760 1496 quos
774 1412 889 1477 missus
903 1432 947 1490 es,
962 1414 1073 1496 lapsos
1088 1412 1183 1496 erige,
1197 1422 1318 1477 stantes

363 1515 489 1591 robora,
511 1522 548 1578 ut
567 1514 652 1576 firmi
674 1515 746 1578 sint
793 1514 905 1577 Plures
934 1514 1019 1577 enim
1041 1524 1115 1577 sunt
1136 1516 1257 1598 patroni
1287 1523 1321 1579 et

365 1614 550 1678 defensores
565 1616 723 1692 ecclesiae,
744 1636 840 1699 quam
855 1615 1102 1699 impugnatores.
1146 1615 1230 1678 Eam
1252 1636 1318 1678 nou

365 1714 493 1778 deseret
507 1716 539 1778 in
556 1717 770 1795 tribulatione,
785 1714 841 1799 qui
855 1737 914 1799 pro
930 1716 1118 1779 liberatione
1133 1716 1202 1800 ejus
1213 1716 1321 1801 posuit

369 1816 506 1879 animam
531 1809 645 1885 suam(
689 1817 828 1881 Causam
858 1817 962 1879 sancti
993 1838 1058 1884 non
1081 1816 1241 1896 deserent,
1261 1838 1320 1902 pro

367 1938 431 2001 qua
458 1917 549 1980 veriti
574 1939 639 1980 non
662 1928 738 1981 sunt
760 1917 950 1997 sanguinem
973 1939 1068 1980 suum
1090 1917 1174 1981 dare.
1220 1920 1318 1986 Hane

367 2018 509 2081 omnium
544 2020 723 2083 coelestium
760 2019 911 2085 virtutum
942 2029 1048 2082 tuetur
1077 2020 1256 2083 exercitus:
1287 2032 1321 2085 et

366 2119 527 2203 majestas,
553 2142 624 2204 quae
651 2121 803 2184 Satanam
828 2121 966 2183 conterit
991 2122 1050 2183 sub
1077 2120 1217 2203 pedibus
1243 2122 1320 2201 suis,

368 2221 409 2283 de
424 2222 574 2285 membris
589 2222 669 2305 ejus,
683 2222 834 2285 ministris
858 2222 1023 2306 nequitiae,
1038 2233 1074 2285 ut
1088 2244 1163 2306 spes
1178 2223 1321 2288 fidelium

367 2335 427 2401 est,
457 2334 489 2387 et
516 2325 686 2409 promissio
715 2335 853 2410 patrum,
888 2326 963 2403 cito,
992 2324 1095 2405 facile,
1127 2336 1159 2390 et
1187 2325 1322 2392 feliciter

369 2426 587 2510 triumphabit.

482 2774 704 2839 EPISTOLA
727 2774 1037 2839 couritur-an
1052 2795 1205 2840 uuunnu.

688 2875 780 2954 [nnc.
795 2893 825 2936 a.
842 2894 872 2938 n.
895 2874 1003 2956 1167.]

580 3016 707 3079 loanni
721 3018 922 3081 Pictaoiertsi
936 3019 1014 3099 epia.
1029 3018 1062 3082 J.
1078 3018 1115 3082 S.

412 3159 665 3219 Inscnrrrrours
681 3163 811 3218 mutatae
833 3174 946 3217 causas
967 3153 1102 3223 reddere
1125 3153 1322 3236 superfluum

367 3268 457 3342 puto,
472 3279 571 3340 quum
593 3257 800 3340 perspicuum
817 3255 869 3332 sit,
884 3255 1059 3338 praesertim
1081 3253 1228 3337 sapienti,
1243 3276 1322 3337 quo-

367 3359 456 3420 niam
485 3357 607 3420 malitia
643 3357 807 3439 temporie,
837 3366 869 3418 et
907 3354 1127 3418 insidiantium
1157 3354 1323 3436 vigilantia

367 3470 481 3543 praeter
506 3481 626 3522 morem
652 3459 789 3522 scribere
812 3468 942 3538 cogant,
966 3468 999 3521 et
1020 3469 1131 3521 contra
1156 3458 1321 3520 rationem.

370 3559 605 3640 Indulgendum
633 3569 682 3622 est
710 3580 785 3640 ergo
814 3557 1006 3635 necessitati,
1032 3557 1060 3619 si
1089 3579 1155 3621 non
1183 3555 1323 3621 defertur

370 3658 506 3723 honori:
537 3680 598 3722 nec
621 3659 738 3722 habere
762 3659 858 3722 debet
880 3658 1096 3743 suspicionem
1118 3657 1254 3740 injuriae,
1271 3656 1325 3720 cui

370 3761 545 3844 conspicua
560 3763 748 3842 suffragatur
764 3761 949 3844 approbatae
971 3760 1051 3822 ratio
1067 3780 1182 3824 causae.
1228 3759 1324 3823 Unde

370 3884 446 3925 vero
468 3863 675 3946 praesumptio
691 3860 815 3925 ridetur
830 3861 928 3924 officii
944 3861 1088 3924 attulisse
1111 3860 1325 3944 dispendium,

371 3963 447 4026 inde
464 3963 578 4027 caritas
593 3963 792 4026 necessitatis
807 3971 928 4026 arctata
940 3963 1067 4025 stimulo
1082 3963 1215 4046 suscipit
1225 3964 1326 4026 incre-

372 4075 525 4126 mentum.
571 4065 657 4126 Nam
680 4074 713 4126 et
736 4064 875 4128 fornacis
897 4078 1051 4145 augentur
1072 4064 1234 4140 incendia,
1250 4064 1277 4126 si
1293 4064 1326 4126 in

372 4167 517 4227 flammas
532 4186 694 4247 erumpere
715 4166 932 4248 prohibentur.
979 4167 1023 4228 Et
1046 4178 1079 4229 ut
1102 4176 1235 4247 experto
1258 4186 1325 4226 cre·

373 4264 465 4326 datur
480 4267 614 4342 auctori,

479 4372 582 4434 Quanto
594 4370 651 4442 plus
664 4372 770 4438 tegitur,
783 4376 866 4423 tectus
879 4371 964 4438 magis
977 4376 1073 4422 aestuat
1086 4370 1163 4436 ignis.
