3384 5525
386 762 426 819 54
630 772 767 817 Joaurus
783 770 1065 816 sanusnnnrnnsm
1245 754 1291 833 [A.
1309 774 1341 818 n.

384 925 545 989 versitatis
569 946 627 1007 pro
656 926 728 1009 ipso
758 924 891 988 debeam
922 924 1087 988 sustinere.
1133 924 1223 987 Nulli
1253 925 1340 989 enim

384 1037 506 1091 rectum
522 1027 658 1112 sapienti
674 1028 762 1089 venit
781 1026 815 1089 in
837 1027 970 1091 dubium
990 1027 1067 1110 quin
1083 1025 1247 1090 affluentia
1266 1048 1339 1091 suc-

384 1134 531 1200 cessuum
558 1128 675 1191 debeat
698 1148 769 1190 csse
797 1140 965 1211 suspecta3
1002 1149 1042 1190 eo
1076 1126 1164 1211 quod
1197 1129 1338 1191 mundus

384 1229 549 1294 hominnm
564 1251 652 1292 more
667 1229 826 1293 fallacium
846 1231 913 1292 illis
928 1231 1005 1293 solis
1027 1231 1214 1294 continuato
1230 1230 1336 1293 favore

383 1331 555 1408 blanditur,
570 1350 650 1415 quos
665 1330 781 1414 prodit,
797 1352 835 1393 ac
860 1331 886 1393 si
901 1330 1131 1417 insidiantibus
1150 1330 1340 1394 adversariis

385 1434 596 1516 potestatibus
607 1434 736 1508 clamet,
746 1432 991 1514 Quemcumque
1008 1434 1182 1508 osculatus,
1193 1445 1225 1494 et
1237 1433 1340 1496 amice

383 1534 504 1597 diutius
525 1535 728 1617 amplexatus
749 1532 850 1608 suero,
873 1533 943 1617 ipse
967 1533 1007 1596 de
1030 1532 1174 1617 reprobis
1196 1543 1257 1608 est,
1276 1546 1337 1597 tor·

381 1644 475 1718 quote
498 1657 581 1699 eum.
627 1635 724 1698 Unde
747 1648 779 1698 et
800 1645 956 1718 perpetua
972 1634 1102 1697 laudum
1126 1634 1227 1715 gloria
1249 1634 1337 1697 illus-

380 1737 476 1800 trium
499 1737 664 1803 doctomm
688 1736 803 1800 doctor
825 1736 1009 1811 Anselmus,
1023 1745 1059 1799 ut
1079 1757 1099 1797 a
1121 1736 1188 1798 suis
1212 1736 1338 1818 accepi,

380 1836 486 1900 dicere
513 1838 690 1916 consuevit,
711 1859 745 1900 se
771 1837 851 1898 nihil
875 1836 978 1917 magis
1003 1837 1121 1899 habere
1145 1849 1332 1919 suspectum

381 1957 476 2021 quam
494 1938 580 2021 qnod
603 1960 676 2002 cum
697 1938 789 2001 Deus
804 1938 836 2000 in
859 1950 927 2001 tota
946 1939 1009 2001 vita
1030 1939 1118 2002 nulla
1140 1938 1337 2022 corripuerat

381 2039 578 2104 adversitate.
625 2041 690 2104 Ubi
716 2040 802 2103 enim
828 2061 862 2102 se
890 2049 1011 2123 patrem
1039 2040 1183 2117 exhibet,
1208 2061 1335 2103 omnem

379 2141 481 2205 filium
497 2142 628 2225 corripit
647 2152 679 2206 et
693 2143 836 2224 castigat.
881 2144 956 2226 Ipse
973 2152 1080 2205 autem
1099 2142 1188 2205 novit
1203 2142 1337 2223 figmen-

378 2254 446 2307 tum
468 2256 612 2308 nostrnm
634 2245 687 2309 cui
708 2255 828 2307 stamus
851 2253 905 2307 aut
928 2244 1084 2320 cadimus,
1099 2253 1131 2304 et
1153 2243 1274 2305 utinam
1294 2264 1332 2306 eo

378 2366 502 2428 semper
513 2359 632 2409 stemus
644 2356 783 2418 auctore,
797 2354 829 2407 ct
844 2365 995 2428 prospera
1008 2346 1056 2408 rel
1072 2343 1204 2407 adversa
1215 2344 1333 2426 cuique

378 2459 473 2528 prout
487 2448 597 2511 electis
612 2448 700 2510 novit
714 2446 878 2530 expedire,
895 2446 1012 2510 salubri
1034 2444 1252 2508 moderatione
1269 2445 1333 2509 dis-

377 2560 499 2630 pensat.
545 2549 595 2609 Ab
616 2548 688 2632 ipso
707 2549 817 2632 itaque
834 2569 928 2631 spero
951 2547 1010 2609 viae
1030 2546 1127 2630 hujus
1142 2556 1175 2609 et
1194 2555 1334 2630 expecto

376 2668 563 2731 processum
580 2658 815 2730 acceptaturus,
830 2669 870 2711 eo
886 2646 1079 2730 propitiante
1095 2646 1182 2731 quod
1197 2647 1331 2711 dederit.

374 2749 471 2812 Plura
495 2759 599 2813 autem
624 2757 657 2813 et
680 2749 815 2812 certiora
839 2750 974 2812 scribam
1000 2771 1097 2832 quum
1122 2748 1328 2813 innotuerint.

376 2849 506 2916 lnterim
519 2874 613 2936 super
624 2862 710 2915 statu
721 2863 834 2930 vestro,
845 2873 939 2935 quem
951 2852 1042 2914 Dens
1055 2852 1212 2934 optimum
1224 2852 1331 2929 faciat,

374 2956 532 3020 certiorari
562 2955 755 3034 desideranS,
781 2964 814 3018 et
840 2977 934 3019 orans
964 2955 1126 3029 attentius,
1153 2966 1188 3017 ut
1217 2956 1329 3020 vestris

374 3058 610 3121 recurrentibus
631 3058 744 3120 litteris
760 3057 839 3118 mihi
863 3056 992 3120 fidelius
1009 3055 1197 3120 innotescat.
1241 3058 1330 3120 Etsi

375 3157 466 3239 pacis
482 3179 559 3220 meae
576 3158 709 3220 formam
725 3159 865 3240 aliquam
881 3157 950 3220 sine
965 3158 1171 3221 conscientiae
1187 3167 1220 3221 et
1235 3158 1329 3223 famae

374 3258 545 3343 dispendio
567 3259 736 3342 potueritis
757 3262 936 3342 explorare,
951 3282 1023 3323 eam
1042 3262 1135 3324 laetns
1153 3262 1327 3345 excipiam,

373 3370 406 3423 et
433 3361 583 3443 quatinus
606 3361 730 3422 licitum
754 3362 846 3424 suerit
871 3374 903 3425 et
926 3363 1108 3440 honestum,
1130 3363 1225 3426 etiam
1248 3363 1328 3448 ipsis

372 3460 561 3524 adversariis
580 3458 714 3544 (quibus
736 3462 827 3525 Dens
850 3461 964 3544 dignos
987 3463 1185 3546 poenitentiae
1207 3463 1327 3528 fructus

371 3561 524 3643 largiatur
538 3561 580 3624 ad
602 3562 711 3638 sitam)
730 3562 868 3627 libenter
890 3565 1128 3648 obtemperabo.
1173 3565 1327 3649 Alioquin

370 3684 438 3727 non
453 3675 502 3727 est
516 3665 548 3727 in
564 3663 729 3748 proposito
744 3685 815 3728 meo
831 3675 876 3737 ut,
888 3685 947 3748 pro
962 3667 1142 3750 peponibus
1154 3664 1325 3751 AEgyptio·
1362 3738 1367 3747 ,

370 3785 439 3827 rum
455 3775 486 3827 et
504 3767 597 3844 alliis,
611 3767 662 3830 rel
683 3766 851 3830 minimum
873 3767 1051 3830 honestatis
1074 3769 1207 3832 subeam
1229 3769 1324 3833 detri-

368 3877 519 3928 mentum.
546 3868 623 3931 Pius
637 3889 712 3931 vero
726 3870 833 3947 Jesus,
844 3869 902 3952 qui
917 3869 1042 3933 virtutis
1058 3870 1147 3934 dedit
1162 3872 1325 3948 affectum,

366 3969 631 4049 perseverantiam
657 3969 827 4051 largiatur:
862 3970 938 4053 quia
964 3970 1099 4038 sineeo
1128 3972 1210 4034 nihil
1238 3981 1323 4036 recte

365 4067 480 4151 incipit
497 4080 551 4131 aut
567 4069 685 4131 finitur.
705 4072 708 4079 “
1279 4061 1283 4079 ⁵

408 4171 459 4232 De
483 4183 599 4234 caetero
618 4169 687 4252 jam
712 4169 730 4233 a
756 4173 857 4235 multo
884 4183 1027 4256 tempore
1052 4185 1215 4256 porrectas
1242 4176 1320 4239 itero

362 4295 484 4359 preces,
500 4273 651 4356 quatinus
671 4273 768 4335 libros
788 4275 974 4354 Aristotelis,
989 4297 1069 4360 quos
1086 4273 1221 4353 habetis,
1239 4277 1317 4339 mihi

362 4377 484 4441 faciatis
497 4375 646 4453 exscribi,
660 4384 690 4438 et
702 4377 828 4440 notulas
843 4398 939 4460 super
950 4379 1109 4455 Marcum,
1120 4378 1199 4441 meis
1213 4389 1319 4442 tamen
