3384 5525
367 778 480 857 1168.]
737 797 915 841 amsronu.
1266 778 1325 837 165

366 1052 588 1117 EPISTOLA
605 1049 869 1115 cmxli-io
880 1068 1123 1113 uamsranrum
1134 1068 1317 1113 minumum

582 1171 827 1217 mxovmussm.
878 1151 922 1230 [A.
939 1173 971 1213 n.
991 1153 1102 1229 1168.]

367 1308 431 1380 Suo
447 1308 622 1371 Benedicta
641 1326 719 1370 arus
736 1309 918 1369 Gratianus
932 1308 1068 1370 sulutem
1084 1318 1116 1370 et
1131 1308 1316 1372 benedictio-

702 1428 775 1471 nem
791 1430 812 1470 a
829 1408 977 1470 Domino.

406 1546 495 1616 Qum
518 1542 578 1606 tibi
599 1541 804 1626 praesentium
828 1540 963 1625 portitor
982 1540 1108 1626 plenius
1132 1554 1227 1606 notus
1255 1557 1314 1621 est,

366 1643 454 1727 plura
482 1642 587 1707 relatu
612 1643 710 1727 digna
733 1641 894 1706 schedulae
918 1641 1118 1721 subtrahens,
1146 1643 1220 1705 fidei
1246 1645 1315 1729 ejus

367 1743 501 1807 commisi
514 1744 573 1808 tibi
586 1743 739 1808 secretius
749 1742 935 1806 intimanda.
959 1745 1078 1806 Verum
1091 1746 1168 1828 quia
1180 1743 1219 1806 de
1229 1756 1317 1809 statu

367 1844 490 1928 publico
513 1842 651 1907 ecclesiae
666 1854 698 1906 et
714 1842 802 1925 regni
818 1842 937 1926 pariter
952 1840 1172 1921 sollicitamur,
1192 1855 1316 1908 utrum-

367 1968 424 2031 que
447 1945 507 2009 tibi
538 1944 696 2009 succincta
725 1944 879 2007 brevitate
909 1943 1098 2029 perstringo.
1145 1942 1181 2006 In
1205 1945 1316 2029 primis

367 2070 437 2132 ergo
467 2047 602 2122 noveris,
627 2045 713 2130 quod
745 2044 954 2109 haeresiarcha
978 2045 1156 2108 Cremensis
1185 2058 1217 2110 et
1249 2069 1314 2110 cre-

367 2149 496 2213 mandus
508 2147 635 2213 clausus
651 2159 697 2210 est
710 2148 743 2210 iu
760 2148 867 2209 Turre
885 2145 1038 2230 Stephani
1049 2146 1241 2227 Theobaidi,
1256 2169 1315 2212 nec

368 2250 457 2314 audet
468 2249 589 2335 egredi,
599 2249 753 2332 timetque
766 2271 868 2332 usque
881 2247 921 2310 ad
933 2260 1066 2312 mortem
1079 2248 1313 2314 innovationem

368 2365 555 2428 senatorum,
566 2351 661 2437 quiin
672 2350 810 2415 calendis
823 2350 1059 2414 Novembribus
1070 2351 1160 2415 urbis
1172 2353 1313 2437 regimen

367 2454 521 2540 accepturi
545 2467 628 2517 sunt.
676 2454 757 2515 Nam
782 2452 947 2537 praesentis
976 2452 1050 2515 anni
1080 2465 1248 2529 senatores,
1276 2467 1312 2519 ut

366 2556 505 2641 captivos
527 2578 602 2620 suos
623 2554 664 2618 de
679 2577 802 2618 carcere
815 2553 1016 2639 imperatoris
1037 2557 1206 2639 eriperent,
1232 2556 1313 2619 Gui-

366 2656 476 2720 donem
491 2660 691 2723 Cremensem
705 2669 893 2741 receperunt
908 2656 994 2742 apud
1005 2656 1155 2720 Sanctum
1170 2661 1314 2733 Petrum,

366 2772 393 2823 et
408 2760 440 2823 in
451 2763 580 2845 regione
591 2759 853 2845 Transtyberina‚
864 2758 892 2822 ei
901 2759 1059 2844 juratoria
1068 2759 1213 2823 cautione
1225 2783 1314 2824 secu-

366 2863 489 2928 ritatem
512 2876 709 2949 praestantes.
755 2864 890 2926 Romam
917 2885 990 2925 vero
1006 2862 1033 2924 ei
1057 2884 1221 2945 nunquam
1239 2863 1314 2925 sub·

362 2968 455 3052 jicere
472 2978 658 3051 potuerunt,
674 2978 717 3041 et,
733 2977 767 3028 ut
784 2965 908 3048 opinor,
925 2986 981 3025 nec
1003 2960 1181 3024 voluerunt.
1227 2965 1312 3026 Novi

367 3092 438 3131 vero
454 3080 613 3132 senatores
627 3066 755 3129 domino
771 3088 863 3150 papae
880 3062 1066 3126 Alexandro
1080 3061 1197 3126 sacient
1212 3064 1312 3127 fideli-

366 3183 471 3248 tatem,
493 3182 525 3232 et
547 3181 582 3232 ut
604 3167 756 3243 creditur,
779 3180 908 3230 auctore
931 3168 1013 3244 Deo,
1035 3164 1195 3228 schismati
1218 3169 1314 3232 finem

366 3272 496 3335 dabunt.
545 3269 616 3332 Hoc
639 3269 721 3334 enim
745 3268 867 3332 diutius
889 3278 1060 3330 tractatum
1076 3279 1134 3342 est,
1159 3279 1190 3330 et
1206 3268 1314 3335 multis

366 3373 524 3437 firmatum
550 3373 747 3456 juramentis.
793 3369 977 3435 Cardinales
999 3367 1134 3431 redeunt
1164 3372 1313 3449 revocati,

365 3497 423 3538 non
440 3476 508 3538 sine
524 3472 707 3536 confusione
722 3473 921 3556 poenitentes,
936 3484 967 3534 et
983 3476 1210 3555 conquerentes
1225 3497 1258 3537 se
1272 3472 1314 3537 ad

364 3574 445 3658 regis
464 3573 661 3635 voluntatem
686 3571 778 3634 nimis
797 3594 937 3635 caussam
960 3568 1097 3633 ecclesiae
1115 3569 1314 3655 depressisse.

366 3678 458 3741 Alter
473 3675 556 3738 enim
572 3696 692 3752 eorum,
709 3673 854 3736 videlicet
878 3672 1051 3758 Papiensis,
1066 3672 1094 3734 ei
1116 3672 1147 3734 in
1164 3673 1312 3739 omnibus

365 3779 498 3851 adstitit,
515 3776 615 3840 altero
629 3799 757 3861 quoqne
780 3773 942 3838 remissius
957 3784 1198 3865 agente,quam
1215 3787 1312 3841 tantae

366 3878 609 3968 exspectationis
638 3891 669 3941 et
700 3877 765 3964 spei
794 3876 953 3940 hominem
990 3874 1154 3940 decuisset.
1216 3875 1312 3943 Unde

363 3983 468 4048 literas
483 3981 565 4059 illas,
580 3980 620 4043 de
640 3981 759 4066 quibus
776 4001 830 4042 rex
851 3977 1017 4063 gloriatur,
1037 3975 1156 4040 domini
1173 3979 1313 4044 Cantha-

363 4085 472 4149 riensis
488 4095 675 4170 potestatem
688 4082 880 4160 cohibentes,
896 4079 995 4143 donec
1009 4079 1118 4142 redeat
1129 4079 1161 4140 in
1176 4081 1313 4162 gratiam

365 4188 444 4272 ejus,
474 4197 596 4248 constat
627 4183 685 4246 hac
715 4195 783 4246 arte
812 4181 909 4244 suisse
931 4181 1125 4267 impetratas.
1172 4180 1312 4246 Noverat

366 4297 558 4350 memoratus
582 4283 744 4366 Papiensis
766 4282 928 4346 dominum
953 4279 1212 4347 Cantuariensem
1233 4281 1315 4345 obti-

364 4388 470 4451 nuisse
490 4386 531 4450 ab
552 4384 725 4470 apostolica
746 4384 831 4465 sede,
855 4394 890 4446 ut
906 4383 934 4446 ei
951 4381 1056 4445 liceret
1072 4382 1104 4443 in
1120 4391 1218 4464 caput
1233 4381 1317 4468 regis
