3384 5525
362 761 403 822 96
618 775 754 820 roauurs
769 772 1043 819 sanessnararrsrs
1222 756 1267 837 [r.
1283 776 1312 819 n.

363 928 641 1012 archiepiscopum
663 929 818 993 miserunt
838 928 969 991 domino
988 949 1080 1011 papae
1101 926 1187 992 sicut
1207 929 1312 992 multis

365 1028 504 1091 innotuit
519 1029 575 1112 qui
589 1028 798 1092 interfuerunt
818 1027 982 1109 colloquio
997 1048 1125 1091 corum:
1148 1036 1182 1091 et
1198 1049 1314 1091 memo·

364 1131 424 1193 rati
453 1129 700 1194 Cantuarienses
726 1129 894 1193 audientes
920 1138 952 1193 et
977 1131 1073 1212 plene
1098 1129 1313 1212 intelligentes

363 1232 479 1297 iactam
508 1233 555 1295 eis
585 1234 626 1295 ab
656 1231 900 1316 archiepiscopo
936 1232 1189 1315 responsionem,
1219 1213 1329 1316 quam'

363 1343 470 1397 tamen
483 1334 535 1395 isti
544 1334 732 1397 Balaamitae
744 1354 893 1416 perversa
903 1332 1162 1414 interpretatione
1175 1334 1313 1396 toxicare

364 1437 471 1500 conati
486 1447 569 1511 sunt,
586 1447 617 1499 et
636 1435 889 1498 insinuationum
905 1435 1030 1499 fallacia
1051 1455 1170 1497 merarn
1186 1436 1312 1498 subver-

364 1547 429 1602 tere
446 1539 619 1601 ceritatem.
663 1538 684 1600 J
688 1549 831 1600 araverat
845 1537 931 1600 enirn
948 1536 1246 1600 Christianissimus
1260 1557 1313 1599 rex

365 1640 452 1725 quod
474 1642 624 1726 praefatus
640 1640 880 1704 Cantuariensis
902 1661 969 1703 non
992 1639 1087 1702 modo
1107 1660 1174 1702 non
1196 1640 1256 1702 suit
1269 1639 1314 1701 in-

365 1755 477 1807 centor
501 1740 668 1805 discordiae
692 1762 813 1823 regum,
834 1739 892 1803 sed
915 1740 1105 1805 conciliator
1124 1740 1315 1816 concordiae,

364 1857 397 1909 et
412 1856 567 1928 quantum
579 1843 683 1917 licuit,
699 1843 790 1926 pacis
805 1842 943 1927 adjutor,
953 1853 986 1906 et
996 1857 1184 1927 cooperator
1199 1864 1317 1920 eornm,

366 1947 420 2030 qni
451 1968 520 2009 eam
550 1946 720 2030 plurimum
753 1944 976 2028 exquirebant.
1037 1944 1224 2009 Debuerant
1252 1944 1316 2025 regi

366 2045 540 2110 credidisse
563 2045 703 2129 juranti:
735 2044 797 2107 nisi
821 2045 899 2130 quia
921 2044 962 2108 de
984 2045 1051 2109 suis
1074 2045 1217 2108 moribus
1239 2044 1317 2108 alios

365 2146 535 2209 metientes
549 2166 608 2208 nec
629 2145 701 2208 Deo
716 2166 777 2209 nec
792 2146 976 2208 hominibus
997 2146 1119 2209 habent
1138 2146 1247 2224 fidem,
1262 2145 1315 2208 ubi

367 2247 468 2311 dolosi
492 2268 565 2331 spes
587 2246 741 2311 refulserit
761 2249 893 2311 nummi.
938 2249 983 2311 Et
1006 2248 1137 2331 quidem
1159 2247 1199 2310 de
1222 2248 1317 2310 altero

366 2371 461 2413 nemo
477 2349 617 2426 miratur,
632 2348 725 2434 cujus
738 2349 820 2413 fides
842 2350 884 2414 ad
907 2349 1015 2414 Deum
1031 2361 1063 2415 et
1078 2351 1262 2415 Ecclesiam
1277 2351 1317 2413 ab

366 2471 405 2515 ea
420 2450 472 2515 die
487 2451 664 2514 innotuisse
680 2451 802 2530 debuit,
815 2474 879 2536 qua
893 2452 928 2514 in
942 2452 1163 2516 haereticorum
1179 2452 1317 2516 concilio

373 2551 537 2636 Pupiensi,
554 2553 609 2615 ubi
633 2552 828 2617 Octavianus
850 2554 1063 2619 haeresiarcha
1085 2566 1232 2639 receptus
1254 2565 1318 2618 cst:

367 2650 538 2715 Frederieo
550 2661 657 2715 mutus
669 2652 806 2718 assedit:
830 2654 900 2718 etsi
913 2656 1022 2738 plures
1034 2655 1206 2739 opinentur
1220 2676 1317 2740 quum

367 2775 555 2838 expressum
570 2752 697 2819 dedisse
709 2777 909 2820 consensum.
950 2756 1067 2820 Nonne
1082 2756 1318 2842 proverbialiter

365 2853 472 2921 tritum
485 2865 544 2930 est,
553 2856 640 2939 quod
652 2857 878 2922 “taciturnitas
886 2859 1027 2922 imitatur
1036 2856 1321 2923 concessioneml”

366 2959 424 3022 sed
447 2959 585 3023 tuebitur
608 2980 643 3022 se
662 2961 771 3041 regula
789 2958 885 3042 juris,
907 2971 939 3024 et
961 2960 989 3023 si
1013 2960 1113 3022 divini
1133 2959 1217 3044 juris
1242 2980 1317 3025 con·

367 3071 505 3144 temptor
531 3062 589 3126 sit:
621 3061 697 3145 quia
725 3062 782 3146 qui
804 3071 890 3126 tacet
915 3083 979 3124 non
1002 3062 1112 3147 utique
1139 3063 1317 3126 consentit:

367 3161 424 3225 sed
440 3173 544 3226 tamen
560 3185 667 3226 rerum
680 3174 729 3227 est
743 3185 816 3227 eum
831 3185 896 3227 non
915 3185 1046 3245 negare:
1070 3164 1161 3227 etita
1175 3163 1319 3246 gloriosae

367 3263 456 3325 vocis
470 3264 647 3329 munimine
657 3275 690 3328 et
703 3266 816 3330 festivo
832 3267 960 3352 eloquio
972 3288 1062 3331 suam
1074 3266 1162 3352 apud
1172 3265 1319 3330 homines

368 3366 538 3448 plerosque
553 3365 721 3449 perfidiam
743 3368 900 3451 palliabit
944 3369 1105 3434 Caeterum
1128 3369 1319 3432 Franeomm

367 3465 536 3549 proverbio
573 3465 606 3527 in
643 3466 750 3550 ipsum
784 3469 915 3548 luditur,
950 3471 1026 3556 quia
1059 3471 1143 3534 mala
1177 3469 1318 3553 corporis

368 3566 566 3650 operimenta
592 3577 732 3650 coaptat,
754 3569 808 3632 cui
830 3571 1011 3634 verecunda
1032 3581 1064 3634 et
1085 3581 1177 3634 nates
1199 3578 1317 3655 patent.

368 3667 505 3732 Othonis
520 3679 625 3732 autem
640 3668 726 3733 fama
741 3670 907 3735 videbatur
920 3672 1059 3750 hilarior,
1075 3672 1214 3757 ideoque
1228 3672 1319 3736 multi

368 3769 520 3833 mirantur
534 3780 568 3834 et
582 3773 819 3855 compatiuntur
836 3773 865 3836 ei
886 3774 974 3856 quod
994 3783 1059 3836 tarn
1076 3775 1168 3838 facile
1189 3774 1321 3838 recessit

368 3894 388 3936 a
402 3871 455 3935 via
470 3872 617 3936 Domini:
633 3894 694 3937 nec
710 3873 788 3936 satis
800 3876 982 3939 sufficerent
996 3875 1155 3954 admirari,
1165 3875 1230 3940 nisi
1244 3875 1320 3960 quia

368 3974 494 4037 celebre
516 3985 575 4048 est,
598 3975 674 4058 quia
695 3995 714 4036 a
737 3975 886 4040 convictu
910 3997 1011 4039 mores
1032 3974 1228 4040 formantur:
1256 3976 1319 4050 Qui

365 4074 468 4156 tangit
497 4074 603 4156 picem
631 4075 814 4159 inquinatur
843 4080 884 4141 ab
914 4099 961 4156 ea,
991 4098 1116 4161 uvaque
1146 4087 1319 4161 conspecta

365 4176 497 4239 livorem
523 4175 613 4238 ducit
638 4177 679 4239 ab
705 4199 776 4240 uva
822 4179 947 4243 Caetera
976 4179 1084 4264 posita
1106 4188 1183 4242 sunt
1207 4180 1241 4243 in
1263 4200 1315 4243 ore

368 4278 477 4343 latoris
504 4277 724 4361 praesentiam:
764 4281 888 4364 eritque
925 4280 1100 4363 diligentiae
1129 4291 1242 4346 vestrae
1271 4301 1317 4344 re·

368 4380 505 4445 scribere
520 4379 673 4463 quotiens
682 4379 775 4445 suerit
788 4391 1003 4466 opportunum
1019 4382 1106 4466 quod
1121 4381 1318 4447 credideritis
