3384 5525
252 802 349 882 1167]
641 816 822 863 smsronrn.
1167 800 1204 857 ol

247 972 478 1055 poralitersere
501 970 651 1034 universa
668 971 863 1036 succedunt:
895 982 927 1033 et
949 991 1023 1053 spes
1046 980 1094 1032 est
1117 966 1205 1052 quod

247 1072 319 1135 haec
334 1072 408 1154 ipsa
426 1093 499 1156 quae
516 1071 641 1134 videtur
662 1080 732 1135 esse
748 1072 885 1147 vexatio,
901 1071 985 1134 sicut
1005 1070 1205 1132 intellectum

245 1175 378 1252 excitat,
389 1176 436 1237 sic
452 1194 534 1237 rerae
550 1174 661 1237 salutis
676 1189 725 1237 est
739 1174 879 1256 paritura
893 1174 1078 1256 profectum.
1117 1170 1204 1233 lllud

246 1288 354 1340 tamen
382 1276 586 1359 aliquatenus
611 1284 728 1352 movet,
754 1275 843 1358 quod
873 1275 1003 1358 quidam
1030 1274 1205 1337 amicorum

246 1398 343 1459 super
364 1375 552 1441 conditione
573 1398 644 1440 mea
659 1378 805 1440 acerbius
826 1375 1048 1447 sollicitantur,
1064 1383 1097 1436 et
1117 1393 1204 1435 more

246 1478 415 1543 hominum
430 1478 647 1540 carnaliteret
660 1487 778 1540 temere
793 1477 895 1557 magis
915 1497 1011 1558 quam
1032 1475 1207 1558 prudenter

247 1592 280 1643 et
295 1601 370 1642 vere
386 1580 572 1655 amantium,
587 1600 674 1663 saepe
688 1589 721 1643 et
735 1580 801 1641 fere
816 1599 944 1661 semper
958 1598 1041 1640 rano
1055 1576 1206 1639 concussi

246 1694 378 1762 terrore,
389 1682 505 1776 timent
518 1682 691 1766 “graviora
706 1680 849 1764 pericula
863 1678 973 1756 veris,”
985 1687 1018 1740 et
1032 1676 1119 1761 quod
1134 1698 1206 1740 vere

248 1784 351 1866 prosit
373 1795 428 1847 aut
449 1768 581 1863 noceat,
590 1782 792 1846 attendentes
814 1801 939 1864 parum,
959 1779 1025 1842 illio
1048 1778 1207 1862 trepidant

248 1885 307 1948 ubi
329 1907 395 1948 non
418 1896 468 1948 est
487 1886 589 1948 timor.
636 1886 722 1948 Nam
739 1884 900 1968 jacturam
924 1881 1130 1946 conscientiae
1154 1891 1208 1944 aut

249 1987 345 2050 famae
367 2008 572 2072 nequaquam
595 1987 752 2050 subtiliter
773 1993 922 2070 pensant,
942 1995 975 2048 et
996 1983 1073 2047 dum
1095 1984 1209 2046 umbra

250 2088 378 2151 virtutis
396 2088 431 2152 in
456 2088 607 2172 opinione
622 2088 788 2151 hominurn
811 2096 946 2162 constet,
963 2096 994 2150 et
1015 2085 1206 2168 nugiloquos

248 2192 371 2254 evitent
396 2190 601 2266 detractores,
623 2211 737 2273 parum
764 2199 877 2253 curant
903 2188 981 2273 quid
1007 2187 1048 2251 ad
1074 2188 1207 2250 sinceres

250 2292 384 2356 rationis
407 2313 544 2356 examen
568 2293 684 2375 cuique
710 2292 865 2355 debeatur
887 2313 929 2354 ex
953 2291 1075 2353 merito.
1121 2290 1208 2352 Nam

248 2393 379 2479 plurimi
394 2394 505 2457 talium
518 2392 619 2476 pluris
630 2393 756 2455 faciunt
767 2392 867 2454 videri
883 2410 980 2476 quam
991 2412 1062 2455 esse
1075 2393 1206 2454 bonum.

252 2495 319 2559 Alii
341 2496 468 2558 sublata
490 2494 550 2557 sibi
574 2494 794 2578 temporalium
818 2494 962 2558 subsidia
982 2494 1208 2576 ingemiscunt,

252 2620 324 2681 quae
339 2618 397 2681 per
410 2618 463 2659 me
477 2597 543 2659 illis
556 2597 822 2660 ministrabantur
843 2618 863 2659 a
880 2597 1033 2660 Domino.
1078 2596 1144 2660 Sed
1165 2593 1208 2659 ad

249 2698 446 2782 petitionem·
455 2707 661 2782 utrorumque
673 2697 753 2760 ratio
768 2698 915 2761 consulta
925 2697 1109 2782 respondet,
1120 2693 1208 2779 quod

250 2821 325 2863 eum
350 2800 463 2884 quiin
488 2822 592 2880 agone
615 2800 775 2863 Ecclesiae
796 2800 959 2863 Christum
983 2799 1074 2881 sequi
1098 2796 1209 2878 coepit,

248 2921 310 2964 nec
329 2900 387 2962 rei
418 2900 582 2963 familiaris
619 2899 826 2982 dispensatio,
854 2919 917 2962 nec
952 2898 1051 2981 patris
1080 2904 1207 2957 revocat

249 3001 425 3083 sepultura.
462 3001 581 3062 Fixum
594 3011 647 3064 est
656 3000 747 3075 mihi,
760 3001 832 3061 Deo
844 3008 985 3075 auctore,
997 2995 1207 3080 propositum,

249 3111 410 3186 quatenus
427 3104 499 3184 ipse
522 3102 646 3166 dederit
666 3098 844 3165 honestatis
866 3100 1033 3163 formulam
1056 3097 1159 3181 sequi,
1175 3108 1208 3160 et

250 3204 366 3267 animm
385 3204 520 3266 salutem
535 3204 568 3266 in
591 3202 920 3267 mundicommercio
942 3222 1010 3264 non
1028 3199 1207 3265 distrahere

250 3305 387 3369 adboni
402 3305 634 3389 cujuscumque
649 3305 789 3388 pretium
803 3304 997 3390 temporalis.
1031 3304 1110 3387 ⁴lpse
1125 3303 1207 3365 viam

251 3403 376 3482 doceat,
392 3415 425 3467 ct
439 3403 539 3468 ducat
554 3425 611 3488 per
626 3405 773 3468 semitam
787 3406 921 3483 virtutis,
937 3417 969 3468 et
989 3403 1147 3487 perducat
1166 3401 1208 3465 ad

248 3506 377 3569 illorum
392 3505 599 3583 consortium,
615 3508 671 3589 qui
685 3527 742 3589 pro
753 3505 879 3590 justitia
893 3505 1068 3588 patiuntur.
1113 3504 1210 3566 Desi-

250 3605 327 3672 dcro
351 3618 473 3685 tamen,
494 3607 522 3670 si
544 3608 633 3671 salva
654 3608 819 3671 honestate
840 3607 911 3670 fieri
932 3616 1051 3690 posset,
1064 3605 1208 3669 reconci-

248 3707 336 3771 liari:
368 3709 449 3770 etin
465 3709 611 3772 ecclesiis
634 3709 749 3791 quibus
771 3708 926 3791 ascriptus
946 3727 1018 3770 sum
1040 3706 1093 3770 ad·
1106 3708 1209 3771 hono·

249 3829 316 3872 rem
343 3810 408 3872 Dei
436 3821 469 3873 et
494 3811 669 3884 amicorum
699 3805 848 3875 solatium
874 3809 1064 3873 ministrare.
1110 3808 1208 3874 Unde

250 3910 419 3974 dilectioni
435 3921 547 3974 vestrae
564 3912 711 3995 supplico
734 3912 885 3995 quatinus
907 3911 986 3994 quid
1001 3911 1154 3995 expediat
1176 3922 1209 3974 et

249 4011 377 4089 deceat,
402 4033 464 4094 per
489 4011 656 4075 dominum
685 4012 898 4075 Baiocenscm
922 4021 954 4075 et
977 4011 1060 4075 alios
1085 4012 1207 4075 amicos

250 4123 370 4176 vestros
395 4114 564 4196 explorare
586 4120 619 4175 et
639 4112 812 4174 rescribere
834 4133 899 4174 non
923 4112 1111 4192 gravemini,
1131 4135 1208 4196 qua·

249 4223 343 4282 tenus
367 4222 472 4276 tutum
491 4213 600 4290 luerit,
618 4223 651 4275 et
671 4221 811 4275 vestrum
832 4213 914 4276 mihi
935 4214 1080 4296 praebere
1104 4214 1209 4277 consi-

249 4312 335 4378 lium.
381 4317 458 4378 Hoc
473 4313 558 4377 enim
582 4313 622 4376 de
646 4334 760 4394 genere
782 4335 893 4378 eorum
917 4323 965 4376 est
990 4336 1064 4398 quae
1086 4314 1206 4376 ratione

247 4411 456 4477 humanitatis
478 4413 559 4475 nulli
585 4413 696 4494 negari
721 4411 853 4489 debent,
877 4413 952 4495 quia
979 4425 1010 4476 et
1036 4431 1207 4494 suppressa

703 4519 759 4575 rs
