3384 5525
368 752 426 810 110
624 758 761 805 sonuum
775 758 1051 806 sanasnumnuns
1227 740 1272 819 [a.
1289 758 1319 802 n.

362 918 446 993 ticis,
461 937 558 999 quum
575 915 607 977 in
624 935 734 977 eorum
749 914 910 977 consortio
931 922 1055 977 tantum
1074 912 1176 976 virum
1191 912 1320 976 videant

364 1017 509 1095 detineri,
536 1017 591 1099 qui
619 1037 661 1079 ex
688 1015 877 1079 necessitate
903 1014 1093 1097 multiplice,
1118 1014 1195 1079 dum
1220 1015 1255 1077 in
1284 1035 1320 1077 ea

364 1119 549 1183 conditione
564 1128 623 1194 est,
639 1140 672 1181 se
693 1139 754 1180 nec
777 1117 817 1179 ab
840 1117 994 1194 oratioue,
1007 1137 1068 1180 nee
1084 1139 1103 1181 a
1124 1138 1247 1192 mensa,
1262 1133 1319 1179 neo

365 1222 406 1285 ab
436 1222 547 1284 osculo
577 1219 775 1303 suspendere
800 1229 922 1303 potest,
944 1241 1005 1283 nec
1034 1220 1075 1282 ab
1098 1219 1170 1282 aliis
1192 1240 1264 1301 quae
1285 1217 1318 1280 in

273 1399 275 1404 Α
362 1322 516 1403 religione
527 1319 761 1384 communionis
771 1330 957 1401 argumenta
971 1340 1041 1382 esse
1055 1334 1243 1382 noscuntur.
1265 1319 1318 1395 Et,

364 1423 453 1507 quod
472 1423 556 1486 hane
579 1442 726 1485 caussam
748 1430 922 1503 praegravat
944 1419 1032 1503 apud
1054 1419 1171 1502 ipsum,
1192 1418 1241 1481 illi
1262 1439 1317 1481 vos

365 1519 444 1585 dicit
454 1519 629 1584 adhaesisse
638 1518 855 1596 schismatico,
864 1520 919 1601 qui
929 1520 1027 1583 totius
1038 1518 1221 1586 schismatis
1232 1519 1317 1583 saber

364 1636 440 1701 erat,
459 1624 616 1699 incentor,
631 1631 663 1684 et
685 1620 824 1701 signifer,
847 1632 879 1683 et
902 1642 921 1684 a
943 1621 1018 1685 sede
1042 1621 1221 1705 apostolica
1243 1643 1316 1684 con·

364 1724 533 1789 damnatus
548 1745 590 1787 ex
605 1723 746 1786 nomine.
777 1721 887 1785 Tertia
898 1732 1004 1786 autem
1020 1733 1077 1801 est,
1089 1743 1189 1805 quam
1204 1733 1238 1785 et
1252 1744 1319 1804 ego,

364 1826 520 1911 quidquid
541 1826 597 1888 alii
619 1825 738 1898 dicant,
760 1824 934 1887 maximam
957 1836 1045 1908 puto,
1060 1823 1148 1909 quod
1172 1824 1215 1887 ad
1236 1825 1318 1887 Teu-

366 1941 458 1991 tones
478 1927 658 2000 divertistis
674 1927 742 2009 qui,
759 1926 843 1991 sicut
857 1924 886 1988 ei
910 1948 1098 2010 persuasum
1119 1937 1181 2003 est,
1196 1926 1225 1989 si
1246 1947 1316 2011 pos-

366 2039 437 2091 sent
447 2040 479 2091 et
493 2026 659 2100 auderent,
669 2026 704 2088 in
716 2047 848 2108 regnum
862 2048 954 2089 suum
966 2027 1102 2090 libenter
1111 2026 1317 2108 insurgerent.

365 2130 420 2206 Et,
436 2127 522 2211 qnod
538 2138 675 2210 possunt
689 2139 721 2190 et
735 2126 866 2200 audent,
882 2129 1056 2210 loquuntur
1068 2127 1213 2207 grandia,
1228 2126 1319 2190 minis

366 2240 497 2307 tument,
509 2243 541 2293 et
556 2230 611 2313 qui
627 2230 722 2292 etiam
737 2229 770 2291 in
786 2251 885 2312 regno
902 2229 970 2314 ejus
984 2239 1069 2308 sunt,
1079 2229 1179 2292 immo
1194 2229 1229 2292 in
1244 2227 1318 2292 sede

364 2332 535 2415 quiescunt
557 2330 686 2394 Parisiis
706 2333 920 2406 immorantes,
942 2333 1004 2395 hoc
1025 2333 1058 2395 in
1075 2352 1113 2394 eo
1133 2330 1319 2415 depretiant,

366 2446 400 2498 ut
415 2433 527 2511 nostis,
542 2432 629 2516 quod
645 2434 779 2496 civiliter
799 2434 875 2497 vivit
890 2434 973 2497 inter
992 2455 1080 2509 suos,
1097 2431 1185 2517 quod
1207 2433 1317 2497 barba·

363 2558 468 2599 rorum
484 2556 570 2599 more
594 2546 761 2619 tyrannum
781 2558 846 2599 non
870 2535 986 2614 induit,
1002 2535 1089 2619 quod
1111 2556 1178 2598 non
1197 2533 1317 2598 incedit

366 2658 493 2721 semper
507 2637 696 2699 satellitibus
717 2638 845 2700 armatis
861 2647 982 2720 septus,
999 2638 1103 2721 utqui
1119 2637 1209 2700 timet
1224 2636 1319 2720 capiti

364 2760 433 2804 suo.
464 2740 538 2803 Hos
553 2739 656 2821 gentis
670 2761 775 2804 mores
791 2740 890 2819 novit,
903 2739 943 2803 de
959 2740 1009 2804 his
1024 2763 1109 2825 saepc
1125 2749 1319 2824 conquestus

365 2855 423 2920 est,
448 2852 483 2905 ut
509 2843 634 2926 opinor,
656 2843 753 2906 etiam
779 2843 878 2906 vobis.
923 2844 967 2905 Et
994 2855 1102 2906 tamen
1127 2841 1319 2925 supplicavit

365 2944 513 3008 dominus
532 2943 772 3008 cantuariensis
788 2964 839 3005 me
861 2953 1019 3026 praesente
1039 2953 1072 3007 et
1087 2942 1215 3007 tandem
1239 2943 1316 3006 obti-

365 3049 444 3125 nuit,
465 3059 500 3110 ut
521 3060 676 3131 qnantum
696 3047 738 3110 ad
758 3047 864 3129 ipsum
887 3047 1037 3128 pertinet,
1057 3046 1148 3109 licita
1170 3046 1211 3109 sit
1232 3066 1315 3108 revo-

364 3150 448 3211 catio
463 3159 573 3212 vestra.

408 3248 505 3320 Quod
520 3260 626 3311 autem
641 3248 815 3332 adjungitis
830 3249 934 3331 ipsum
947 3248 1072 3311 misisse
1084 3249 1216 3313 domino
1229 3269 1317 3332 papa

365 3349 552 3431 rescriptum
571 3351 731 3450 literamm
756 3363 940 3426 vestrarum,
955 3371 1021 3413 non
1036 3349 1165 3434 quidem
1184 3350 1318 3427 inficior,

365 3449 441 3532 quia
455 3450 484 3511 ei
495 3450 581 3511 bona
596 3449 670 3526 fide,
681 3458 713 3513 et
726 3462 836 3514 nostro
849 3452 943 3516 etiam
959 3451 1065 3515 favore
1077 3451 1317 3516 communicata

366 3562 449 3614 sunt.
488 3549 553 3612 Sed
568 3546 632 3628 ille,
645 3551 731 3633 quod
747 3553 836 3616 novit
850 3552 1015 3635 inspector
1029 3553 1185 3632 cordium,
1201 3553 1264 3616 hoc
1278 3551 1318 3615 ad

365 3662 504 3715 vestrum
519 3652 759 3715 incommodum
777 3674 841 3716 non
864 3654 1065 3738 procuravit:
1097 3655 1250 3721 studebat
1263 3674 1317 3738 po-

364 3754 429 3817 tius
444 3764 479 3816 ut
494 3775 616 3817 caussae
634 3776 699 3818 snae
715 3756 918 3839 proficerent,
933 3768 965 3821 et
984 3757 1171 3840 opinionem
1186 3768 1316 3821 vestram

365 3856 452 3939 apud
468 3856 633 3919 dominum
648 3879 762 3941 papam
784 3859 970 3922 relevarent.
1014 3859 1157 3923 Volebat
1171 3869 1276 3923 autem
1291 3857 1318 3921 ei

363 3957 575 4035 innotescere,
592 3958 678 4041 quod
693 3959 774 4023 fides
789 3970 822 4022 et
835 3959 962 4024 devotio
977 3972 1078 4023 vestra
1094 3981 1168 4024 cum
1184 3958 1318 4024 ecclesia

364 4060 428 4123 Dei
440 4069 472 4124 et
487 4059 562 4124 sede
578 4062 753 4144 apostolica
769 4073 827 4139 est,
842 4062 920 4124 licet
940 4083 996 4125 vos
1012 4083 1053 4125 ex
1069 4061 1316 4145 dispensatione,

364 4183 428 4246 quo
458 4162 583 4225 facilius
619 4183 675 4245 per
704 4175 840 4231 vestram
876 4164 1065 4229 industriam
1095 4174 1316 4233 convertantur

363 4264 465 4328 aversi
477 4262 517 4326 ad
528 4263 682 4326 honorem
692 4265 756 4329 Dei
768 4277 799 4330 et
808 4265 977 4331 utilitatem
990 4264 1160 4329 catholicae
1170 4265 1315 4338 veritatis,

364 4368 406 4431 ad
422 4379 546 4449 tempus
566 4364 629 4430 illis
649 4369 852 4432 cohabitetis.
896 4370 941 4431 Et
962 4370 988 4432 si
1010 4369 1107 4450 aliqui
1129 4369 1316 4432 nunciorum
