3384 5525
372 784 431 842 166
630 797 765 840 Joauurs
782 796 1060 841 saansnnamnsrs
1232 777 1275 855 [a.
1295 797 1326 840 u.

373 948 593 1025 anathematis,
609 949 685 1012 etin
702 969 834 1031 regnum
851 946 1011 1011 interdicti
1037 947 1241 1032 promulgare
1257 969 1324 1009 sen·

373 1051 516 1131 tentiam,
528 1051 587 1113 nisi
599 1073 654 1113 rex
664 1050 754 1113 ¹insra
766 1050 937 1114 terminum
954 1048 1052 1112 literis
1062 1052 1324 1132 comprehensum

372 1153 510 1217 eeclesiis
524 1153 630 1217 ablata
641 1175 713 1215 cum
725 1152 908 1237 integritate
921 1151 1113 1227 restitueret,
1125 1163 1156 1214 et
1169 1150 1324 1235 condigne

372 1255 575 1319 satisfaceret.
614 1254 747 1339 Scripsit
762 1276 838 1337 ergo
850 1253 979 1316 domino
989 1274 1091 1337 papae,
1102 1251 1323 1336 lachrymabili

371 1355 600 1442 supplicatione
614 1354 796 1440 deposcens,
814 1366 850 1418 ut
865 1377 936 1417 cum
954 1377 1027 1437 rege
1043 1353 1150 1417 mitius
1166 1365 1324 1437 ageretur,

371 1472 481 1523 uetam
494 1457 596 1534 illum,
609 1480 707 1543 quam
720 1457 882 1521 dominum
895 1457 1045 1520 Ottonem
1054 1455 1207 1539 collegam
1219 1477 1321 1529 suum,

371 1563 411 1625 ad
426 1559 632 1647 ignominiam
654 1571 686 1623 et
706 1559 913 1646 opprobrium
936 1558 1164 1643 sempiternum
1185 1556 1321 1620 ecclesiae

371 1669 536 1741 Romanae,
547 1662 632 1726 idem
648 1685 716 1741 rex,
727 1661 809 1725 sicut
820 1662 887 1744 jam
905 1660 1115 1744 disposuerat,
1128 1659 1153 1721 si
1169 1658 1200 1720 iu
1217 1658 1320 1744 ipsum

370 1765 512 1851 asperius
537 1776 696 1847 ageretur,
718 1762 886 1846 conjiceret
902 1761 932 1824 in
956 1760 1083 1824 vincula
1098 1772 1130 1825 et
1154 1782 1321 1835 carcerem,

371 1866 426 1930 nbi
450 1864 551 1927 morte
573 1864 643 1947 ipsa
664 1862 837 1939 duriorem,
861 1862 1006 1925 miseram
1028 1874 1060 1925 et
1077 1861 1202 1925 brevem
1221 1874 1320 1925 trans-

369 1968 491 2051 igerent
511 1964 618 2028 vitam.
664 1964 771 2039 Quum
788 1986 865 2047 ergo
880 1985 986 2046 regem
1002 1962 1061 2026 hoc
1076 1961 1235 2027 facturum
1257 1984 1321 2026 esse

368 2069 587 2153 persuasisset,
603 2062 742 2127 obtinuit
757 2063 798 2126 ad
813 2064 1056 2127 consolationem
1073 2064 1168 2149 regis,
1184 2076 1216 2128 et
1232 2064 1321 2149 quasi

370 2191 458 2233 suam
474 2181 507 2231 et
522 2166 596 2230 socii
613 2164 842 2243 liberationem,
864 2189 928 2251 quo
944 2165 1068 2229 facilius
1082 2166 1320 2250 egrederentur,

367 2271 554 2352 rescriptum
570 2266 789 2353 apostolicum,
806 2265 891 2352 quod
908 2278 973 2330 tam
989 2284 1123 2330 vestram
1140 2289 1238 2351 quam
1253 2290 1321 2331 om·

368 2371 457 2434 nium
482 2369 624 2433 fidelium
656 2379 778 2433 mentes
804 2367 1011 2432 exulceravit.
1059 2367 1120 2432 Sed
1149 2368 1321 2455 impetrare

367 2494 429 2535 non
443 2470 560 2556 potuit,
577 2482 613 2533 ut
625 2468 813 2534 tollerentur
825 2468 935 2547 literae,
947 2469 1066 2554 quibus
1079 2469 1225 2535 dominus
1236 2493 1320 2556 papa

368 2574 493 2638 reducit
518 2573 551 2635 in
577 2571 758 2635 memoriam
785 2571 882 2655 regis,
905 2571 992 2656 quod
1019 2572 1127 2636 eitam
1155 2595 1197 2637 ex
1220 2572 1320 2637 literis

368 2677 447 2763 ejus,
471 2696 567 2761 quam
589 2696 628 2735 ex
651 2672 912 2759 promissionibus
934 2676 1122 2739 nunciorum
1147 2673 1223 2739 data
1238 2686 1319 2739 esset

367 2789 455 2844 certa
470 2798 542 2862 spes
555 2788 588 2840 et
602 2775 719 2840 fiducia
740 2776 826 2862 pacis
841 2776 902 2847 sadi
917 2798 954 2839 ea
976 2777 1167 2854 conditione,
1184 2789 1220 2842 ut
1236 2800 1320 2863 saepe

368 2881 454 2945 dicto
486 2877 553 2964 regi
576 2890 686 2943 tantus
711 2877 918 2943 exhiberetur
944 2879 1053 2944 honor.
1100 2880 1319 2965 Supplicatum

367 2995 426 3060 est,
446 2995 482 3046 ut
500 2982 533 3044 in
556 3002 673 3044 annum
695 2981 936 3065 protenderetur
959 2981 1026 3044 haec
1050 2980 1171 3058 dilatio,
1193 2980 1249 3047 sed
1273 3004 1320 3044 re-

366 3084 467 3170 pulsae
497 3096 572 3147 sunt
597 3104 717 3168 preces,
744 3081 917 3166 apostolico
944 3081 1068 3146 dicente
1095 3082 1218 3146 nunciis
1242 3083 1320 3169 ipsis

366 3206 398 3248 se
413 3184 446 3246 in
461 3182 549 3246 brevi
571 3197 790 3247 revocaturum
807 3182 1039 3268 indulgentiam
1059 3184 1164 3263 istam,
1178 3185 1239 3247 nisi
1260 3205 1317 3248 rex

365 3306 438 3348 cum
461 3283 697 3368 archiepiscopo
722 3283 786 3348 cito
807 3285 918 3350 fecerit
948 3307 1069 3370 pacem.
1115 3286 1160 3349 Et
1186 3286 1318 3371 quidem

359 3387 427 3471 jam
444 3396 590 3447 revocata
612 3395 671 3459 est,
686 3384 746 3446 nisi
765 3385 850 3448 infra
871 3399 992 3450 certum
1010 3387 1199 3452 satisfecerit
1220 3387 1317 3452 diem.

365 3485 495 3549 Exinde
510 3484 592 3547 enim
616 3484 752 3547 liberum
768 3498 815 3550 est
830 3488 1066 3574 archiepiscopo
1083 3490 1254 3573 procedere
1277 3488 1317 3553 de

364 3586 473 3669 vigore
487 3585 662 3659 literarum,
678 3607 758 3670 quas
773 3585 878 3672 ipsum
901 3592 1048 3674 superius
1063 3588 1204 3654 diximus
1219 3589 1318 3676 impe·

365 3702 472 3752 trasse.
518 3687 600 3750 Inde
622 3699 681 3766 est,
697 3689 784 3775 quod
808 3689 983 3755 cardinales
1003 3691 1044 3756 de
1065 3694 1213 3758 manibus
1233 3693 1318 3778 regis

363 3790 445 3854 elabi
461 3789 663 3855 festinantius
678 3793 881 3856 studuerunt.
921 3794 1067 3859 Nuncius
1082 3794 1244 3880 supplebit
1258 3819 1318 3859 cae-

363 3904 432 3956 tera
453 3889 587 3953 dicenda
610 3890 827 3977 potiusquam
849 3892 1026 3970 scribenda,
1043 3910 1079 3958 ut
1098 3906 1130 3958 et
1151 3910 1199 3975 tu,
1214 3916 1316 3981 quum

362 3992 468 4057 omnia
489 3991 618 4066 viderie,
640 3992 807 4077 provideas
829 3995 991 4080 quomodo
1013 3997 1114 4082 possis
1136 3997 1317 4061 cautissime

362 4094 533 4159 ambulare.
573 4094 605 4157 Si
622 4094 701 4179 quid
717 4108 827 4159 autemv
839 4096 945 4161 adhuc
961 4100 1133 4174 emerserit,
1147 4099 1235 4183 quod
1247 4100 1313 4185 jam

363 4196 491 4261 statutis
514 4195 712 4281 praejudicet,
727 4197 796 4273 tibi,
819 4199 891 4262 Deo
913 4200 1117 4285 propitiante,
1142 4201 1315 4265 communi-

361 4323 432 4364 care
447 4321 509 4361 non
525 4297 678 4362 differam.

405 4406 531 4487 Regum
553 4423 616 4486 pax
640 4400 826 4486 sperabatur
848 4414 878 4466 et
904 4403 1101 4468 tractabatur
1124 4425 1239 4489 nuper,
1262 4401 1315 4468 sed
