3384 5525
257 775 370 850 litu]
642 792 821 838 sorssors.
1147 785 1210 842 249

254 942 429 1006 auriculam
446 942 621 1006 dexteram.
653 942 739 1019 Quid
754 942 903 1008 Malchus
918 945 1031 1009 Latino
1043 958 1131 1009 sonet
1147 947 1210 1010 elo·

254 1043 343 1129 quio,
360 1045 477 1109 nostis:
503 1044 616 1129 loquor
631 1044 714 1106 enim
731 1044 914 1120 scientibus,
931 1046 1122 1122 tenentibus
1139 1046 1211 1112 dili-

251 1144 414 1227 gentibus,
430 1158 462 1208 et
482 1144 748 1229 amplectentibus
767 1143 879 1229 legem.
926 1149 999 1209 Non
1022 1146 1211 1211 credebatur

254 1246 342 1331 quod
353 1248 521 1333 episcopus
532 1245 759 1311 Londoniensis
769 1260 800 1312 et
812 1246 866 1311 alii
878 1260 1025 1313 auctores
1036 1249 1212 1313 schismatis

254 1363 285 1410 et
308 1348 486 1412 incentores
508 1360 610 1410 essent
636 1348 846 1412 anathematis
868 1348 977 1433 gladio
1001 1350 1212 1435 percellendi:

255 1448 310 1511 sed
326 1448 396 1512 illos
407 1450 474 1536 jam
491 1472 510 1512 a
525 1471 656 1534 corpore
672 1472 730 1513 suo
744 1451 854 1535 rejecit
875 1449 1005 1515 ecclesia
1020 1466 1052 1515 et
1067 1451 1212 1519 exclusit.

256 1554 329 1614 Non
356 1549 547 1614 credebatur
575 1551 664 1635 quod
694 1550 990 1616 condemnationem
1014 1576 1123 1616 eorum
1146 1557 1212 1619 Ro·

255 1673 369 1715 manus
384 1652 527 1736 pontifex
541 1653 778 1737 approbaturus
789 1666 891 1716 esset:
916 1653 971 1716 sed
984 1677 1023 1717 ex
1039 1678 1077 1717 eo
1088 1668 1210 1721 constat

256 1766 356 1817 ratam
372 1776 439 1816 esse
461 1753 662 1830 sententiam,
678 1753 763 1838 quod
786 1754 894 1817 nuncii
909 1778 928 1817 a
948 1757 1020 1818 sede
1039 1757 1212 1842 apostolica

256 1854 343 1918 missi
373 1867 459 1927 sunt,
487 1855 542 1940 qui
573 1878 627 1919 eos
652 1854 797 1939 praestito
829 1856 1014 1940 juramento
1040 1858 1212 1922 secundum

257 1979 376 2020 morem
398 1954 538 2019 ecclesiae
554 1957 614 2020 sub
637 1978 674 2018 ea
695 1956 876 2019 conditione
897 1957 1095 2022 absolverent
1112 1959 1136 2023 si
1157 1983 1212 2023 rex

255 2080 328 2121 cum
344 2058 473 2122 ecclesia
489 2056 663 2121 secundum
681 2056 769 2142 quod
786 2057 934 2121 dominus
950 2081 1033 2144 papa
1049 2064 1213 2146 praescrip·

257 2173 350 2240 serat,
384 2161 502 2223 faceret
541 2182 661 2245 pacem.
707 2160 811 2245 Cujus
851 2183 906 2245 spe
944 2160 1020 2225 data
1061 2164 1215 2228 Cantuar.

258 2262 427 2327 archidiac.
450 2277 481 2327 et
505 2262 574 2326 aliis
596 2264 759 2348 quierant
781 2263 977 2348 inpartibus
999 2268 1215 2331 transmarinis

259 2366 397 2429 absoluti
422 2379 496 2430 sunt
513 2366 674 2450 praemissa
692 2365 851 2450 juratoria
872 2366 1027 2429 cautione.
1072 2371 1117 2432 Et
1141 2367 1215 2453 quia

261 2488 323 2551 pax
340 2465 422 2528 infra
433 2465 550 2530 festum
564 2465 649 2529 beati
661 2465 827 2529 Michaelis
841 2464 889 2541 (ut
901 2465 1084 2530 condictum
1095 2467 1215 2546 luerat)

260 2580 399 2653 sequuta
421 2587 484 2630 non
506 2582 566 2648 est,
585 2567 616 2631 in
640 2568 771 2631 eandem
795 2568 982 2631 sententiam
1006 2569 1216 2634 anathematis

256 2670 354 2754 juxta
378 2669 560 2733 condictum
592 2670 716 2734 reducti
743 2681 827 2733 sunt.
872 2669 991 2756 Liquet
1017 2694 1094 2757 ergo
1119 2694 1215 2758 quam

260 2769 438 2856 periculosa
453 2770 492 2834 sit
508 2770 711 2857 participatio
727 2793 857 2836 eorum:
888 2793 961 2834 nam
985 2795 1018 2835 re
1033 2796 1069 2836 ea
1090 2795 1217 2837 excom·

260 2871 412 2936 manicati
441 2887 530 2936 erant
567 2895 647 2956 quos
676 2873 844 2957 oportebat
881 2872 1011 2937 absolvi.
1066 2876 1216 2959 Superest

261 2992 368 3038 autem
385 2988 422 3038 ut
443 2973 674 3038 animadversio
695 2974 844 3060 procedat
867 2973 1001 3037 ulterius
1021 2974 1097 3060 quia
1118 2976 1218 3041 haere-

261 3076 346 3139 ditas
358 3074 488 3139 Domini
503 3095 564 3136 non
577 3087 682 3160 potest
696 3073 821 3136 liberari
835 3073 876 3136 de
892 3096 986 3137 manu
1003 3075 1141 3138 hostium
1157 3075 1217 3139 nisi

262 3176 293 3239 in
317 3175 523 3241 manuforti.
569 3180 607 3240 ln
634 3199 700 3261 quo
725 3173 874 3238 conflicto
901 3188 1046 3261 patenter
1067 3187 1217 3261 agnoscet

264 3277 423 3341 Dominus
441 3278 499 3362 qui
524 3291 600 3341 sunt
627 3278 707 3361 ejus,
728 3290 760 3340 et
787 3277 843 3362 qui
871 3276 971 3362 pluris
994 3277 1113 3342 faciunt
1139 3278 1218 3342 ollas

264 3378 450 3466 AEgyptias,
476 3402 557 3464 pane
583 3379 714 3459 coelesti,
738 3380 834 3443 verbo
865 3380 929 3444 scil.
961 3384 1024 3445 Dei
1053 3381 1140 3467 quod
1163 3381 1218 3445 dat

266 3483 363 3548 vitam
386 3481 515 3548 mundo.
561 3483 763 3568 Quicumque
788 3505 863 3546 vero
889 3483 1009 3547 fuerint
1032 3482 1077 3559 hi,
1102 3494 1219 3547 sortem

265 3585 478 3650 damnationis
501 3607 567 3649 suae
588 3585 741 3670 recipient
764 3607 838 3648 cum
860 3585 909 3648 his
932 3606 1014 3670 quos
1030 3599 1113 3649 terra
1132 3585 1220 3648 vivos

265 3686 443 3751 absorbuit.
493 3688 575 3751 Nam
607 3686 660 3772 qui
691 3689 828 3771 peccatis
858 3686 1069 3750 communicat
1098 3685 1219 3762 alienis,

266 3787 513 3852 communicabit
526 3801 559 3852 et
574 3787 679 3852 morti.
726 3789 823 3850 Exite
845 3810 923 3870 ergo
938 3809 1046 3873 quaeso
1061 3786 1101 3850 de
1116 3786 1220 3851 medio

265 3914 386 3970 eorum,
403 3891 510 3977 ponite
526 3889 623 3953 corda
638 3902 744 3953 vestra
759 3911 855 3973 super
872 3888 938 3952 vias
954 3903 1090 3955 vestras:
1118 3902 1149 3953 et
1166 3888 1221 3975 qui

265 4017 306 4057 ex
323 4015 437 4076 magna
452 4006 543 4078 parte
559 3991 745 4077 (quodcum
762 3991 879 4053 rubore
894 4004 925 4055 et
947 3990 1054 4055 dolore
1069 3991 1222 4056 confusus

265 4094 413 4179 eloquor)
436 4092 573 4178 privigni
588 4091 695 4156 fuistis
717 4092 886 4156 hactenus:
919 4091 966 4155 vel
983 4115 1068 4157 nunc
1093 4092 1221 4156 tandem

267 4196 435 4260 transeatis
457 4194 488 4256 in
505 4208 621 4257 sortem
643 4192 781 4255 filiorum
797 4193 1060 4256 communicando
1083 4193 1221 4277 paternis

268 4296 521 4372 necessitatibus,
536 4295 661 4359 fructus
677 4294 874 4379 poenitentiae
890 4308 921 4359 et
943 4293 1131 4360 obedientiae
1147 4315 1220 4356 exe·

266 4399 405 4484 quenda,
427 4410 459 4463 et
480 4397 643 4462 infamiam
666 4396 706 4460 ab
732 4395 861 4459 ecclesia
885 4395 1106 4481 propellendo:
1140 4417 1222 4478 quac,
