3384 5525
379 810 443 871 212
630 820 766 866 roansrs
783 817 1062 863 saansauamusrs
1239 800 1284 879 [r.
1303 819 1330 863 o.

381 973 518 1038 ecclesiae
543 972 662 1036 nullam
688 972 784 1036 debet
809 969 1034 1045 obedientiam,
1064 980 1097 1033 et
1120 971 1209 1055 quod
1230 969 1336 1033 cathe-

380 1075 470 1142 dram
497 1074 760 1161 metropoliticam
784 1073 862 1136 illuc
886 1072 1049 1136 transferri
1071 1072 1166 1136 faciet
1189 1072 1245 1137 ubi
1266 1095 1331 1136 eam

379 1200 446 1240 esse
472 1178 588 1241 debere
614 1176 717 1260 fingit,
747 1198 787 1238 ne
816 1176 920 1238 dicam
950 1175 1115 1252 mentitur,
1142 1175 1262 1240 scilicet
1292 1175 1331 1239 ad

381 1280 542 1344 ecclesiam
561 1278 829 1353 Londoniensem‚
841 1279 898 1341 uhi
914 1275 1161 1341 archiflaminem
1177 1278 1333 1363 gloriatur

379 1381 495 1445 sedisse
510 1382 587 1445 dum
604 1379 736 1443 Jorialis
752 1378 862 1463 religio
877 1378 1049 1442 colebatur.
1080 1379 1270 1442 Etfortasse
1285 1380 1332 1441 vir

380 1482 521 1568 prudens
532 1495 564 1546 et
576 1480 741 1565 religiosus
752 1479 876 1543 cultum
888 1480 978 1545 Jovis
992 1480 1167 1545 instaurare
1178 1479 1329 1564 disponit,

380 1598 428 1658 ut,
444 1584 469 1647 si
493 1583 555 1649 alio
572 1585 665 1646 modo
679 1581 944 1667 archiepiscopari
960 1604 1022 1645 non
1045 1593 1161 1667 potest,
1178 1580 1331 1646 Archifla-

378 1684 472 1748 minis
497 1684 607 1748 saltem
634 1705 748 1747 nomen
770 1695 802 1747 et
824 1682 954 1746 titulum
973 1694 1169 1767 assequatur.
1216 1683 1332 1745 Fretus

379 1800 484 1851 tamen
512 1800 558 1850 est
586 1785 713 1850 oraculo
739 1783 870 1847 Merlini
896 1783 952 1870 qui
976 1785 1080 1847 nescio
1103 1806 1167 1870 quo
1190 1784 1330 1868 repletus

379 1890 492 1975 spiritu
524 1890 710 1973 perhibetur
740 1901 814 1952 ante
843 1887 1016 1951 adventum
1048 1887 1132 1950 beati
1157 1887 1328 1971 Augustini

378 1991 559 2074 Anglorum
590 1991 724 2078 apostoli
756 1990 946 2056 vaticinatus
975 2013 1041 2054 esse
1071 1988 1238 2053 delendam
1265 2012 1329 2052 esse

380 2093 592 2158 Christianam
609 2094 845 2177 religionem,et
862 2093 969 2156 denuo
981 2091 1216 2156 reformandam
1233 2113 1330 2177 quan-

380 2193 1243 2280 doLondoniensisdignitasDoroberniamadornabit.
1270 2193 1330 2257 Sed

377 2301 451 2382 qnia
462 2298 638 2362 Merlianus
649 2298 858 2385 philosophus
867 2298 1033 2383 prophetae
1043 2295 1092 2360 sui
1104 2296 1230 2360 futilem
1241 2296 1328 2362 novit

376 2400 609 2478 auctoritatem,
620 2401 714 2464 etiarn
731 2399 770 2463 ad
789 2399 942 2464 validiora
958 2413 1041 2463 certe
1055 2397 1200 2462 subsidia
1214 2396 1330 2462 dicitur

375 2501 566 2586 confugisse,
594 2525 789 2589 praesumens
819 2503 859 2565 de
889 2513 1057 2587 potentatu
1094 2501 1257 2586 principis,
1288 2500 1328 2565 de

376 2602 515 2667 ecclesiae
533 2605 710 2681 debilitate,
727 2608 765 2669 de
781 2604 914 2668 avaritia
930 2607 1160 2681 Romanorum,
1174 2601 1215 2665 de
1230 2602 1327 2689 pusil-

373 2704 1329 2794 lanimitatevestra,depaupertatearchiepiscopi‚etmulti·

374 2808 486 2872 tudine
497 2809 678 2875 divitiarum
692 2832 833 2885 suarum,
845 2809 964 2894 quibus
978 2808 1131 2872 adversus
1140 2809 1328 2893 sapientiam

374 2922 406 2976 et
416 2912 576 2997 justitiam
595 2913 654 2975 Dei
674 2912 805 2977 confidit
821 2935 854 2975 se
876 2911 1115 2996 praevaliturum
1132 2911 1165 2973 in
1188 2912 1327 2976 vanitate

373 3037 440 3079 sua.
486 3016 572 3094 Quid
587 3038 663 3100 ergo
678 3015 789 3079 dicetis
804 3028 835 3078 et
851 3015 974 3077 facietis
988 3012 1028 3076 ad
1045 3009 1136 3075 haec?
1167 3013 1326 3099 Nunquid

372 3116 452 3180 adeo
477 3120 724 3204 praenominatos
746 3131 897 3204 patronos
922 3128 1054 3189 vestros,
1078 3127 1134 3178 aut
1160 3129 1196 3178 ut
1222 3116 1326 3179 verius

372 3216 506 3282 dixerim
534 3224 660 3304 pietatis
686 3234 718 3286 et
742 3220 815 3283 fidei
842 3219 961 3284 timetis
986 3218 1103 3297 hostes,
1129 3229 1166 3280 ut
1190 3216 1218 3280 ei
1246 3216 1328 3282 detis

372 3317 475 3382 locum
492 3322 548 3405 qui
570 3336 702 3387 matrem
721 3341 854 3387 vestram
878 3336 942 3387 tam
959 3319 1139 3406 parricidali
1162 3320 1327 3406 impietate

367 3420 519 3504 jugulare
544 3424 699 3486 molitur?
737 3430 852 3488 Nonne
873 3426 926 3489 hic
951 3447 1014 3487 non
1036 3423 1132 3487 modo
1155 3422 1325 3487 facultates

371 3522 509 3586 ecclesiae
532 3525 711 3608 erogandae,
726 3527 779 3589 sed
804 3527 934 3612 sanguis
954 3525 1139 3590 fundendus
1160 3538 1220 3603 est,
1238 3541 1275 3590 ut
1297 3526 1325 3588 ei

371 3620 548 3699 resistatur,
564 3637 596 3688 et
612 3624 750 3689 ecclesiae
772 3640 977 3692 conservetur
992 3630 1188 3691 auctoritas?
1220 3626 1326 3691 Pudet

370 3744 480 3806 quaeso
510 3728 708 3792 sanctitatem
739 3743 874 3794 vestram
906 3729 993 3815 quod
1023 3728 1143 3791 nullam
1173 3728 1327 3793 hactenus

369 3827 452 3909 patri
475 3828 619 3894 exulanti
634 3844 664 3895 et
689 3832 864 3918 proscripto
882 3830 1071 3896 exhibuistis
1093 3830 1323 3894 humanitatem

367 3928 605 3995 consolationis:
629 3950 686 3997 aut
701 3935 789 4015 nihil,
801 3948 857 4000 aut
872 3936 969 4020 (quod
987 3933 1098 3998 melius
1109 3933 1218 4016 nostis)
1232 3932 1322 3997 mini-

369 4055 456 4095 mum
469 4032 678 4119 impendistis,
688 4059 786 4120 quum
798 4051 903 4102 tamen
915 4038 981 4101 fere
993 4050 1079 4101 totus
1087 4036 1225 4101 Latinus
1235 4036 1321 4100 orbis

366 4135 530 4200 evidenter
549 4151 730 4220 agnosceret
749 4140 906 4226 justitiam
923 4141 996 4216 Dei,
1012 4154 1043 4203 et
1067 4138 1206 4202 ecclesiae
1226 4138 1334 4204 liber-⁴

367 4252 463 4305 tatem
481 4238 611 4303 titulum
626 4263 692 4303 esse
703 4242 791 4305 exilii
807 4256 838 4307 et
851 4241 1089 4328 proscriptionis
1104 4241 1201 4306 illius.
1233 4240 1318 4306 Alias

365 4366 442 4428 ergo
466 4340 611 4404 ecclesias
632 4342 699 4428 jam
727 4343 943 4429 quinquennio
968 4367 1032 4408 non
1059 4344 1130 4408 dico
1156 4342 1317 4430 spoliavit,

362 4443 512 4530 quoniam
528 4455 641 4530 sponte
655 4457 687 4508 et
699 4444 785 4509 ultro
800 4449 1114 4511 communicaverunt
1124 4443 1317 4510 necessitati·
