3384 5525
367 702 477 814 liba]
746 748 925 793 sprsrorm.
1275 737 1316 796 73

365 905 457 967 vobis
472 904 558 967 visus
572 913 621 967 est
635 902 808 967 cardinalis
822 904 999 987 presbyter,
1013 902 1112 965 immo
1134 914 1168 967 et
1189 916 1318 987 aposto·

363 1007 439 1070 licae
454 1006 540 1069 sedis
553 1008 677 1087 legatus
685 1005 725 1098 ⁸in
747 1006 851 1088 prima
865 1004 1056 1067 salutatione
1079 1005 1317 1089 suspicionibus

363 1108 540 1171 inurendus
562 1118 594 1172 et
619 1108 716 1189 gratis
741 1106 983 1170 exacerbandus
1009 1118 1121 1171 contra
1145 1106 1315 1172 consilium

368 1209 489 1275 domini
503 1230 608 1294 papae,
620 1219 652 1272 et
660 1220 772 1273 eontra
785 1210 941 1272 Romanae
953 1209 1099 1273 eeclesiae
1111 1211 1318 1274 reverentiam

367 1309 628 1374 dehonestandus
650 1308 823 1373 conviciis?
861 1309 1009 1375 Profecto
1032 1332 1090 1392 ego
1113 1332 1172 1375 nec
1197 1312 1319 1395 domini

364 1433 459 1496 papae
482 1433 642 1475 cursorem
662 1412 708 1475 sic
726 1411 953 1495 alloquendum
977 1412 1073 1475 fuisse
1096 1413 1236 1476 arbitror.
1281 1415 1317 1478 Si

366 1524 489 1575 suaset
505 1524 625 1576 vestras
648 1511 778 1574 domino
800 1531 892 1594 papae
915 1510 1070 1574 remiserit
1091 1512 1222 1591 litteras,
1235 1516 1318 1595 regis

364 1634 496 1677 causam
513 1613 708 1697 justificasse
725 1612 882 1675 ridebitur
903 1612 1063 1675 attestatio
1086 1613 1197 1696 scripti
1213 1616 1318 1691 vestri,

365 1727 399 1780 et
428 1717 588 1799 propriam
619 1715 853 1778 contumaciam
882 1713 1070 1777 convicisse.
1119 1715 1201 1777 Esto
1231 1714 1318 1798 quod

362 1817 458 1880 fuerit
487 1831 520 1880 et
548 1818 589 1880 sit
614 1816 719 1880 adhuc
747 1817 929 1882 Willelmus
954 1814 1113 1881 iuimicus.
1159 1817 1317 1881 Dissimu-

362 1918 494 1982 landum
517 1932 596 2002 puto
619 1918 722 1982 donee
745 1918 830 1980 mala
852 1916 921 2000 ejus
943 1936 1042 1999 opera
1064 1918 1098 1978 in
1117 1918 1221 1983 lucem
1245 1940 1317 2001 pro-

365 2019 473 2098 deant,
495 2020 645 2103 quoniam
668 2031 700 2083 et
721 2018 887 2085 dominum
909 2038 1027 2101 papam
1049 2018 1096 2084 ita
1117 2020 1318 2084 consuluisse

364 2142 407 2184 ex
429 2123 578 2185 relatione
594 2120 779 2184 nuntiorum
802 2130 975 2183 vestrorum
998 2132 1119 2183 certum
1137 2129 1199 2189 est.
1244 2122 1317 2185 Nee

364 2234 471 2287 tamen
487 2223 561 2286 dico
577 2222 663 2307 quod
679 2233 849 2305 antequam
865 2221 962 2285 fidem
977 2222 1117 2285 hominis
1130 2223 1226 2286 bonis
1241 2246 1317 2307 ope-

364 2328 452 2388 ribus
481 2326 656 2410 exploretis
688 2337 720 2388 et
747 2325 971 2415 experiamini,
999 2324 1213 2408 acquiescatis
1243 2348 1316 2395 eum

365 2427 505 2510 recipere
515 2426 683 2509 judicem:
714 2426 771 2489 sed
786 2448 846 2489 nee
862 2446 1009 2490 recusare
1024 2447 1225 2510 praepropere
1242 2448 1319 2490 cou-

368 2530 448 2608 sulo,
464 2530 523 2592 etsi
541 2528 700 2611 judicium
723 2527 950 2591 declinandum
967 2549 1037 2604 esse
1060 2550 1124 2591 non
1148 2530 1319 2611 ambigam,

365 2632 573 2705 restitutione,
589 2651 661 2713 quae
677 2630 717 2693 ad
739 2651 879 2714 praesens
894 2630 962 2693 lieri
982 2631 1104 2714 nequit,
1118 2653 1183 2694 non
1198 2633 1317 2697 habita.

366 2734 435 2796 Hic
457 2732 584 2796 interim
606 2732 794 2796 haerendum
818 2731 953 2811 credidi,
975 2746 1008 2800 et
1024 2734 1114 2816 ipsos
1140 2733 1319 2798 cardinales

366 2833 556 2898 alliciendos
577 2844 734 2917 quatenus
756 2836 842 2897 salva
864 2835 1064 2898 conscientia
1086 2847 1117 2898 et
1141 2835 1227 2898 fama
1249 2835 1319 2899 fieri

366 2936 501 3021 poterit:
533 2948 564 2998 et
585 2935 822 3018 expectandum
845 2956 865 2998 a
888 2935 1041 3012 Domine,
1057 2946 1091 2999 ut
1110 2936 1144 2998 in
1160 2949 1249 3019 parte
1265 2935 1320 3001 ad-

366 3061 457 3102 versa
472 3036 727 3122 deprehendatur
736 3037 900 3120 iniquitas,
912 3048 944 3099 et
958 3037 1157 3120 impugnatio
1170 3038 1319 3116 veritatis,
1410 3035 1415 3041 ’

364 3154 396 3206 et
418 3141 563 3204 defectus
584 3140 841 3223 promissionum.
887 3139 921 3203 si
947 3160 981 3202 se
1010 3138 1093 3202 dixit
1118 3140 1249 3203 missum
1276 3141 1317 3205 ad

367 3241 582 3305 terminandas
603 3242 809 3324 quaestiones,
831 3253 927 3322 prout
949 3240 1107 3304 Ecclesiae
1133 3243 1194 3304 Dei
1210 3241 1321 3308 viderit

369 3345 533 3428 expedire,
554 3345 589 3405 in
616 3365 680 3426 quo
708 3364 765 3405 vos
790 3341 894 3405 laesit?
926 3344 1044 3406 Nonne
1070 3353 1214 3427 possunt,
1237 3346 1322 3408 sicut

370 3468 426 3531 per
440 3445 640 3518 sententiam,
651 3445 695 3507 ita
711 3457 742 3506 et
757 3464 815 3527 per
829 3444 1072 3528 compositionis
1086 3446 1320 3528 benignitatem

370 3544 551 3611 terminari?
585 3546 619 3608 Si
635 3546 823 3609 exhortatus
838 3556 896 3624 est,
912 3559 947 3609 ut
968 3542 1101 3625 evitetis,
1116 3559 1271 3630 quantum
1286 3549 1321 3611 in

368 3650 461 3712 robis
485 3659 543 3722 est,
571 3669 610 3711 ea
634 3669 707 3729 quae
732 3648 836 3711 solent
860 3648 1023 3731 amplioris
1053 3649 1178 3712 dissidii
1207 3672 1320 3714 causas

369 3772 531 3832 generare,
542 3770 607 3811 non
620 3747 713 3811 rideo
730 3748 808 3831 quid
819 3749 1013 3831 peccaverit:
1031 3772 1128 3833 quum
1140 3751 1202 3813 hoc
1215 3751 1321 3835 ipsum

370 3851 595 3934 sapientissimi
617 3862 650 3912 et
675 3849 861 3913 amicissimi
884 3852 1065 3931 consulant,
1087 3865 1253 3916 monentes
1275 3867 1322 3927 ut,

370 3963 530 4036 quatenus
544 3953 632 4015 salva
645 3952 811 4014 honestate
832 3951 980 4015 ecclesiae
995 3962 1026 4015 et
1049 3975 1193 4036 personae
1209 3965 1321 4018 vestrae

368 4053 507 4126 licuerit,
523 4053 597 4136 paci
619 4050 803 4133 diligentius
816 4051 1000 4116 intendatis.
1046 4053 1234 4134 Rogandus·
1246 4074 1321 4135 ergo

368 4155 477 4232 luerat,
494 4164 530 4217 ut
544 4155 668 4236 opinor,
684 4154 834 4237 quatinus
851 4176 888 4217 ea
905 4176 975 4236 quae
991 4154 1122 4218 vitanda
1136 4153 1224 4232 dicit,
1241 4177 1321 4236 prae·

370 4257 497 4332 scribat,
529 4267 564 4318 ut
593 4256 632 4319 de
662 4257 863 4319 restitutione
894 4269 996 4319 vestra
1025 4268 1057 4319 et
1087 4267 1258 4318 vestrorum
1289 4269 1322 4320 et

369 4357 514 4419 ecclesiae
540 4357 685 4420 libertate
710 4367 782 4438 agat
807 4379 879 4419 cum
905 4356 1032 4419 (lumino
1058 4380 1142 4436 roge,
1165 4357 1320 4438 vobisque
