3384 5525
371 784 431 844 lus
640 793 777 839 ioannis
791 791 1071 839 sannsnnrunnars
1227 775 1271 855 [s.
1289 796 1321 840 n.

367 945 541 1035 sapientiae,
563 945 705 1023 accessit,
727 944 769 1009 ad
791 966 865 1008 eum
891 945 1056 1031 operosius
1078 942 1263 1032 supplicans
1285 963 1321 1012 ut

366 1069 439 1113 eum
454 1045 667 1112 reconciliaret
690 1044 820 1110 domino
834 1067 905 1122 suo,
920 1065 994 1109 cum
1011 1068 1078 1132 quo
1091 1058 1124 1111 et
1140 1067 1201 1133 pro
1215 1067 1283 1132 quo
1297 1048 1322 1114 si

365 1150 505 1238 placeret
519 1161 651 1236 paratus
664 1160 731 1212 erat
747 1151 778 1212 in
801 1144 986 1233 AEgyptum
1000 1147 1177 1234 proficisci:
1203 1147 1322 1213 electus

367 1275 452 1334 vero,
466 1264 580 1338 utpote
595 1251 644 1314 vir
662 1249 943 1337 prudentissimus,
958 1250 1066 1315 volens
1081 1251 1171 1315 verbi
1186 1249 1321 1315 latebras

366 1356 426 1421 sibi
441 1355 633 1443 profundius
646 1352 773 1439 aperiri,
788 1357 807 1388 “
819 1353 940 1419 Estne”
955 1353 1061 1440 inquit
1075 1358 1096 1391 “
1106 1375 1218 1418 verum
1234 1353 1320 1440 quod

366 1458 485 1535 dicitis,
497 1472 532 1524 ut
547 1477 618 1523 cum
634 1479 673 1520 eo
688 1456 792 1520 velitis
802 1456 850 1520 ire
867 1456 1123 1543 Hierosolymam
1133 1458 1170 1520 ?”
1194 1458 1244 1522 At
1257 1456 1320 1534 ille,

365 1559 484 1626 “Nihil
494 1581 635 1647 nuquam
645 1558 706 1623 feci
718 1558 883 1636 libentius,
896 1558 922 1623 si
935 1559 1090 1647 placuerit
1100 1559 1234 1625 domino
1244 1569 1322 1635 mco,

365 1674 397 1728 et
413 1683 463 1727 me
477 1661 656 1749 permiserit
670 1660 778 1726 domui
794 1682 874 1724 meae
889 1659 1065 1747 disponere,
1081 1674 1114 1727 et
1128 1660 1238 1726 liberis
1253 1678 1323 1747 pros

368 1764 502 1829 videre.'’
552 1761 758 1829 Carnotensis
786 1773 906 1838 autem,
935 1776 968 1827 et
997 1762 1023 1827 si
1052 1762 1165 1828 dolum
1195 1763 1322 1829 subesse

367 1869 591 1952 suspicaretur,
605 1863 665 1929 hoc
679 1864 789 1930 retulit
803 1864 870 1950 regi
888 1866 1095 1931 Francorum.
1140 1865 1201 1931 Ille
1215 1879 1320 1932 sutem

366 1967 530 2053 respondit
544 1967 632 2055 quod
647 1978 742 2055 turpe
759 1980 827 2032 erat
843 1967 939 2033 toties
957 1967 1074 2055 decipi,
1089 1989 1148 2033 nec
1169 1991 1203 2034 se
1218 1968 1323 2056 aliqua

367 2069 489 2134 ratione
502 2068 698 2135 crediturum
714 2082 799 2149 ante,
819 2068 908 2155 quod
924 2091 964 2133 ex
980 2069 1087 2135 animo
1100 2070 1258 2157 loquutus
1272 2070 1322 2151 sit,

366 2191 463 2257 quam
479 2171 648 2236 humerum
671 2170 741 2256 ejus
755 2192 849 2233 cruce
869 2169 976 2234 videat
997 2169 1197 2256 insignitum.
1243 2172 1324 2236 Nam

366 2294 468 2359 quum
484 2273 544 2337 hoc
564 2282 658 2336 antea
671 2269 700 2335 ei
721 2273 915 2358 promiserit,
928 2281 962 2335 et
981 2270 1156 2337 lirmarerit
1177 2272 1323 2337 cautione

367 2396 433 2459 qna
447 2374 506 2439 etsi
521 2373 686 2437 commissa
701 2393 793 2437 nemo
814 2371 916 2437 fidelis
930 2384 992 2454 est,
1006 2386 1037 2438 et
1061 2374 1224 2460 religionis
1244 2396 1323 2461 prae·

367 2475 451 2541 atita)
476 2479 690 2561 prevaricator
716 2487 880 2561 appareat,
907 2474 952 2539 ait
982 2474 1115 2541 stultum
1143 2498 1211 2540 esse
1237 2475 1323 2541 nudo

367 2576 465 2640 verbo
479 2580 549 2662 ejus
563 2575 673 2641 haberi
687 2575 795 2640 fidem.
842 2576 974 2641 Pronior
996 2589 1103 2641 tamen
1123 2577 1187 2644 fuit
1208 2577 1323 2643 exinde

367 2677 407 2742 ad
423 2678 627 2743 concordiam
642 2677 825 2742 ineundam.
867 2681 963 2743 Nunc
978 2693 1085 2744 autem
1100 2702 1203 2767 quum
1219 2681 1324 2746 audis-

367 2795 425 2860 set,
438 2779 525 2868 quod
535 2779 614 2845 dum
626 2778 686 2844 hoc
698 2780 910 2866 promitteret,
927 2781 1074 2848 Pictaros
1083 2783 1323 2870 aggrederetur,

366 2885 447 2950 adeo
461 2883 611 2949 turbatus
625 2895 685 2961 est,
697 2895 733 2949 ut
745 2883 774 2948 ei
786 2904 842 2970 per
855 2885 984 2949 nuntios
999 2907 1073 2950 suos
1083 2886 1322 2953 denunciaverit

366 2988 448 3052 sead
460 2985 655 3073 colloquium
667 3007 731 3051 non
741 2998 922 3067 venturum,
934 2986 992 3052 nisi
1006 2987 1058 3052 ille
1069 2989 1322 3056 Pictaviensibus

366 3110 512 3154 securum
534 3090 678 3176 proebeot
698 3102 921 3171 commeatum,
942 3103 975 3156 et
997 3089 1052 3155 det
1074 3091 1213 3171 obsides,
1235 3092 1322 3180 quod

366 3211 424 3252 nec
437 3190 470 3252 in
486 3193 547 3270 itu,
559 3210 617 3253 nec
631 3211 730 3267 mora,
744 3211 802 3253 nec
826 3189 930 3255 reditu
954 3190 1021 3277 ipse
1040 3190 1088 3254 v‘el
1111 3190 1160 3257 sni
1183 3192 1322 3279 aliquam

365 3290 410 3352 eis
433 3288 564 3353 inferret
595 3288 763 3356 loesionem.
811 3291 920 3356 Etiam
950 3303 1073 3355 certum
1103 3304 1151 3357 est
1177 3293 1268 3380 quod
1296 3292 1322 3358 sl

365 3389 452 3453 salva
461 3389 626 3453 honestate
636 3391 774 3473 potuerit
785 3412 804 3454 a
814 3391 1051 3458 conditionibus
1063 3392 1195 3472 resilire,
1208 3412 1322 3482 oppor-

365 3489 501 3556 tunitate
516 3491 669 3576 temporis
690 3505 855 3578 gratanter
878 3506 997 3559 utetur.
1043 3496 1127 3561 Sunt
1148 3497 1245 3561 etiam
1267 3496 1321 3582 qui

365 3605 490 3679 putent,
512 3593 597 3678 quod
622 3616 677 3658 rex
703 3595 830 3680 Anglioe
852 3596 940 3662 nullo
962 3596 1057 3661 modo
1079 3609 1202 3664 tantam
1223 3599 1321 3686 possit

363 3695 568 3781 ignominiam
593 3697 758 3778 sustinere,
783 3709 819 3763 ut
845 3698 897 3765 his
922 3721 1032 3787 pacem
1058 3712 1091 3765 et
1117 3712 1223 3766 castra
1248 3718 1320 3766 cum

363 3796 486 3862 casteria
500 3796 615 3862 ablatis
631 3801 799 3863 restituere
821 3801 1051 3888 compellatur:
1082 3802 1141 3889 qui
1156 3801 1320 3868 interfece-

364 3913 439 3963 runt
454 3920 599 3985 proceres
621 3923 707 3978 suos,
722 3914 755 3967 et
777 3902 891 3968 honori
906 3914 939 3969 et
961 3903 1120 3968 voluntati
1141 3905 1212 3991 ejus
1231 3919 1319 3971 tanta

363 4002 562 4067 coutumacia
588 4004 782 4068 restiterunt.
829 4005 916 4071 Solet
942 4009 1025 4070 enim
1052 4006 1219 4092 improbus
1242 4020 1318 4085 esse,

363 4103 540 4189 praesertim
563 4103 619 4168 ubi
641 4105 797 4191 impetum
819 4106 1015 4193 impatientis
1036 4109 1135 4172 animi
1154 4109 1318 4176 succendit

362 4206 492 4291 injuria,
507 4205 559 4270 alii
576 4222 682 4270 autern
697 4208 775 4293 quia
786 4208 882 4273 homo
897 4219 1042 4274 versutus
1060 4223 1119 4291 est,
1134 4224 1167 4276 et
1183 4235 1216 4276 se
1234 4212 1317 4276 videt

362 4306 394 4369 in
410 4319 500 4371 ncrto
514 4306 665 4392 positum,
680 4306 852 4392 opinantur
871 4309 958 4395 quod
982 4310 1075 4376 solita
1096 4311 1271 4376 simulandi
1285 4323 1316 4375 et

361 4408 584 4475 dissimulandi
606 4423 675 4474 arte
690 4422 800 4476 utetur
815 4413 856 4477 ad
879 4427 1030 4499 pr‘aesens,
1046 4425 1078 4479 et
1093 4429 1226 4503 accepto
1241 4429 1318 4482 tem·
