3384 5525
735 760 948 839 1170.]
1502 777 1866 823 EmsroLAE.
2507 769 2635 828 23⁵

724 927 1118 992 extinctam?
1166 926 1253 990 sic
1300 949 1424 990 non
1455 940 1547 990 est
1580 928 1643 991 in
1677 928 1859 992 vobis
1889 928 2122 1016 aliquis
2152 930 2261 1016 qui
2293 954 2417 996 non
2448 931 2639 999 faciat

722 1027 1156 1114 pretiosiorem
1234 1042 1735 1093 momentaneam
1812 1029 2031 1110 vitam,
2104 1054 2296 1116 quam
2368 1032 2638 1097 salutem

724 1127 1002 1193 ecclesiae
1033 1153 1167 1194 suae
1196 1142 1258 1194 et
1293 1152 1587 1193 coronam
1617 1130 1916 1215 justitiae.
2011 1135 2158 1195 Non
2204 1133 2369 1198 enim
2403 1156 2571 1198 nunc
2599 1157 2639 1199 a

728 1231 905 1295 vobis
938 1244 1148 1296 vestra
1179 1245 1589 1316 quaeruntur,
1631 1230 1740 1295 sed
1778 1245 1849 1295 ut
1880 1254 1993 1295 vos
2025 1231 2306 1299 doceatis
2347 1258 2480 1299 esse
2510 1235 2636 1299 Dei

726 1333 1003 1397 cultores
1046 1346 1108 1398 et
1153 1332 1430 1397 ecclesiae
1472 1332 1654 1396 filios,
1747 1334 1892 1396 Hac
1940 1333 2180 1398 virtute
2227 1336 2638 1422 procedentes

728 1434 1054 1499 redimetis
1082 1434 1373 1509 offenSaS,
1420 1445 1485 1497 et
1525 1445 1651 1498 tam
1695 1434 2030 1519 perspicua
2072 1436 2304 1499 caritas
2347 1437 2637 1503 multitu-

727 1533 940 1598 dinem
1002 1558 1151 1622 quae
1197 1547 1656 1620 praecesserunt
1708 1536 1953 1621 operiet
2006 1549 2430 1618 peccatorum.
2522 1538 2639 1602 Eis

727 1649 936 1699 tamen
968 1636 1084 1722 qui
1115 1634 1462 1721 inspirante
1487 1635 1748 1701 Christo
1779 1650 2166 1700 armaturam
2201 1637 2318 1701 zeli
2349 1661 2636 1725 assump-

729 1738 948 1815 serint,
1006 1737 1221 1802 induti
1295 1760 1414 1822 pro
1475 1736 1732 1801 thorace
1793 1737 2136 1823 justitiam,
2186 1752 2250 1802 et
2296 1761 2415 1824 pro
2454 1744 2637 1825 galea

718 1836 1039 1921 judicium
1078 1850 1347 1916 certum,
1387 1836 1525 1900 dux
1574 1850 1638 1901 et
1679 1850 1892 1902 custos
1930 1836 2132 1901 aderit
2176 1837 2383 1903 fidelis
2432 1840 2634 1916 DeuS,

726 1939 838 2022 qui
870 1962 977 2003 eos
1018 1962 1209 2025 super
1248 1938 1411 2002 vires
1443 1940 1675 2001 tentari
1708 1960 1832 2001 non
1875 1938 2196 2024 patietur:
2239 1938 2348 2003 sed
2382 1963 2455 2005 ea
2485 1963 2635 2027 quae

728 2061 897 2103 nunc
960 2040 1254 2105 videntur
1302 2039 1630 2104 imminere
1676 2038 1960 2123 pericula
2009 2040 2072 2103 in
2137 2062 2342 2104 veram
2395 2064 2634 2126 pacem,

727 2141 980 2227 plenam
1001 2143 1402 2207 securitatem
1423 2153 1484 2204 et
1506 2153 1880 2226 perpetuam
1905 2140 2171 2227 gloriam
2196 2144 2633 2210 commutabit.

730 2246 897 2307 Nam
930 2242 1226 2306 dominus
1256 2264 1390 2316 rex,
1432 2240 1740 2327 quicquid
1776 2241 2117 2327 loquantur
2142 2244 2447 2325 homines,
2487 2247 2540 2309 si
2571 2266 2635 2309 se

730 2342 1084 2407 meminerit
1144 2365 1277 2406 esse
1341 2341 1671 2406 Christum
1753 2341 2034 2418 Domini,
2113 2357 2177 2409 et
2241 2367 2357 2430 pro
2415 2343 2634 2410 debito

727 2443 939 2522 officii,
985 2466 1099 2528 pro
1149 2444 1399 2529 generis
1452 2442 1806 2519 nobilitate,
1863 2465 1973 2528 pro
2025 2444 2351 2508 clarissimi
2397 2444 2635 2511 virtute

728 2546 943 2623 animi,
975 2568 1101 2609 non
1135 2546 1325 2610 modo
1354 2546 1539 2632 justa
1569 2544 1933 2630 petentibus
1973 2567 2096 2610 non
2130 2545 2439 2632 irrogabit
2465 2546 2635 2634 inju-

726 2646 910 2725 riam,
942 2649 1052 2712 sed
1083 2646 1238 2711 alios
1269 2669 1346 2709 ne
1376 2647 1659 2732 irrogent
1680 2645 2023 2711 cohibebit.
2115 2646 2249 2713 Scit
2279 2647 2447 2711 enim
2477 2647 2633 2733 qnia

725 2750 895 2834 regis
953 2748 1151 2812 honor
1199 2747 1520 2834 judicium
1580 2745 1813 2832 diligit.
1907 2746 2145 2820 Videor
2205 2748 2360 2815 mihi
2418 2748 2634 2815 videre

728 2850 943 2936 plures
990 2850 1054 2914 in
1105 2849 1286 2913 vobis
1334 2849 1447 2934 qui
1499 2848 1786 2933 praeclari
1843 2849 2037 2934 hujus
2089 2850 2297 2914 meriti
2338 2872 2635 2914 coronam

730 2951 1047 3026 affectent,
1102 2963 1166 3015 et
1224 2950 1438 3014 dicant
1501 2947 1731 3034 singuli
1790 2970 1932 3013 cum
1994 2950 2308 3035 propheta
2365 2952 2432 3013 in
2467 2951 2636 3015 auri-

731 3052 855 3116 bus
885 3052 1197 3117 ecclesiae:
1249 3053 1417 3115 Ecce
1448 3071 1589 3133 ege,
1636 3052 1816 3113 mitte
1857 3071 1993 3112 me:
2041 3062 2344 3115 conantes
2390 3052 2636 3115 caeteris

732 3155 1075 3239 praeripere
1121 3155 1380 3218 titulum
1426 3174 1559 3236 quo
1587 3150 1758 3213 fama
1795 3149 2145 3215 redimetur
2185 3149 2634 3228 universitati&

730 3266 795 3317 et
824 3254 1233 3340 privilegium
1265 3254 1542 3317 ecclesiae
1573 3250 1786 3316 stabili
1816 3252 2032 3336 vigore
2066 3251 2575 3338 perpetuabitur.

776 3563 1219 3627 EPISTOLA
1266 3561 1840 3627 CCXCVII.—An
1885 3579 2183 3625 ΤΗοΜΔΜ
2227 3577 2594 3624 cammar-

949 3681 1177 3727 ENSEM
1209 3679 1609 3726 EPISCOPUM.
1660 3662 1828 3742 [Am.
1866 3666 2051 3725 11⁷0.
2099 3683 2184 3726 m.
2215 3661 2414 3743 ἄκη]

747 3816 1007 3878 Thomoe
1038 3815 1363 3878 Cantuar.
1412 3813 1920 3894 Archiepisoopo‚
1937 3813 2006 3876 J.
2035 3813 2248 3876 Sares.
2269 3832 2311 3875 a
2337 3813 2636 3878 Carnem.

822 3951 1208 4015 Consmmu
1252 3945 1493 4011 domini
1542 3944 1917 4011 Senonensis
1967 3956 2031 4011 et
2078 3955 2366 4010 nostrum
2419 3958 2537 4026 est,
2584 3947 2637 4015 si

735 4051 914 4115 vobis
944 4050 1171 4117 melius
1200 4073 1322 4114 non
1353 4048 1659 4128 occurrit,
1690 4059 1764 4113 ut
1784 4047 2020 4113 litterae
2050 4047 2446 4132 urgentiores
2474 4070 2638 4137 qun

732 4153 984 4218 habetis
1027 4174 1220 4238 penes
1266 4173 1378 4215 vos
1420 4149 1501 4214 de
1535 4149 1793 4235 justitia
1835 4146 2190 4214 exercenda
2233 4148 2286 4214 si
2330 4169 2459 4235 pax
2510 4170 2637 4218 non

740 4256 960 4335 fuerit,
988 4254 1251 4318 celerius
1279 4251 1781 4337 Rothomagensi
1812 4263 1878 4317 et
1907 4248 2273 4316 Turonensi'
2292 4249 2640 4337 archiepic-

737 4356 914 4441 copis
935 4355 1380 4422 ostendantur:
1409 4353 1630 4418 saltem
1656 4364 1728 4417 ut
1749 4351 1967 4419 audiat
1994 4350 2198 4417 hostis
2218 4357 2283 4413 et
2304 4358 2640 4417 terreatur.

2256 4605 3052 4922 [Π
