3384 5525
366 754 477 834 llos]
752 768 932 814 samsona.
1261 758 1320 817 143

363 945 488 1010 semper
514 922 668 986 hactenus
693 920 822 998 fecerat,
845 921 969 987 foveret
995 922 1102 986 hostes
1124 944 1209 1000 suos,
1232 936 1264 989 et
1287 947 1319 988 se

363 1047 426 1091 non
463 1035 669 1110 recepturum
704 1022 764 1088 hac
800 1023 868 1087 vioe
906 1022 1084 1110 quidquam
1121 1047 1180 1112 pro
1214 1048 1321 1091 amore

363 1126 490 1194 comitis
505 1125 555 1190 vel
570 1124 752 1202 cardinalis,
765 1124 819 1188 sed
834 1146 895 1211 pro
905 1126 980 1211 jure
995 1148 1064 1203 suo,
1076 1126 1102 1190 si
1117 1148 1175 1190 rex
1192 1128 1321 1213 Anglioe

364 1229 471 1296 vellet.
509 1228 604 1307 Quod
617 1250 717 1314 quum
733 1226 787 1292 ille
798 1227 980 1305 refutasset,
993 1227 1121 1293 omnino
1135 1230 1320 1297 submonuit

362 1352 437 1396 eum
459 1352 517 1396 rex
539 1327 685 1394 Franciae
706 1350 764 1414 per
786 1327 882 1391 fidem
908 1350 974 1415 qua
999 1351 1031 1392 se
1053 1328 1261 1415 obligaverat,
1283 1345 1319 1397 nt

362 1432 527 1508 accederet
542 1431 583 1497 ad
597 1430 745 1508 fluvium,
758 1429 815 1495 ubi
830 1454 871 1495 ex
886 1431 1033 1496 condicto
1044 1431 1240 1519 colloquium
1252 1456 1319 1498 esse

363 1535 487 1613 debuit,
499 1557 519 1599 a
533 1557 598 1622 quo
612 1557 670 1621 per
684 1532 767 1598 duos
778 1533 846 1598 dies
858 1545 1001 1598 remotus
1011 1547 1170 1599 manserat
1182 1534 1319 1600 duarum

363 1636 469 1724 spatio
490 1635 665 1709 leucarum,
688 1634 743 1698 sed
767 1633 821 1699 ille
842 1656 906 1699 non
928 1633 1103 1721 adquievit.
1148 1637 1221 1701 Rex
1244 1659 1320 1701 vero

365 1738 680 1823 Francorum,quum
687 1735 863 1823 ferensque
872 1735 1082 1824 advesperam
1094 1750 1320 1823 exspectasset,

364 1841 512 1906 transivit
537 1838 668 1920 flumen,
693 1851 726 1904 et
751 1862 791 1903 ex
821 1843 923 1905 altera
951 1852 1043 1925 parte
1071 1840 1212 1905 residens
1240 1840 1320 1906 lavit

362 1966 477 2008 manus
499 1965 583 2022 suas,
605 1955 637 2007 et
660 1939 743 2007 bibit
764 1964 870 2006 coram
894 1941 1042 2007 omnibus
1069 1954 1265 2027 protestatus
1286 1965 1320 2007 se

363 2047 459 2114 fidem
485 2044 643 2133 pactionis
667 2044 860 2132 implevisse,
887 2056 919 2109 et
949 2044 995 2110 sic
1025 2044 1146 2110 dimisit
1172 2045 1319 2111 comitem

364 2147 607 2223 Flandrensem‚
629 2159 661 2211 et
685 2145 764 2211 alios
789 2168 949 2231 proceres,
970 2159 1157 2232 exspectans
1178 2146 1224 2211 ibi
1246 2170 1319 2214 cum

363 2250 475 2337 paucis
500 2248 671 2336 usquead
697 2247 933 2335 crepusculum.
984 2251 1118 2314 Miserat
1144 2263 1252 2315 antem
1278 2249 1320 2313 ad

322 2344 335 2360 '
363 2350 463 2428 ulium
493 2374 600 2438 regem
630 2352 775 2431 nuncios,
800 2351 857 2438 qui
886 2351 976 2416 illum
1008 2365 1256 2430 summonerent,
1283 2366 1319 2418 ut

364 2452 561 2520 satisfaceret
586 2453 626 2518 de
650 2453 714 2517 lide
739 2452 824 2520 laesa.
870 2456 942 2533 Quo
968 2453 1080 2519 audito
1105 2453 1158 2518 ille
1183 2453 1320 2521 detentis

364 2555 492 2632 nunciis
506 2578 624 2635 secum,
638 2578 710 2620 cum
727 2555 933 2622 multitudine
955 2556 1093 2622 militum
1116 2556 1318 2625 loricatorum

363 2669 396 2721 et
417 2655 616 2742 galeatorum
632 2674 775 2722 armatus
791 2656 876 2721 venit
899 2657 940 2720 ad
962 2656 1095 2738 flumen,
1108 2680 1167 2723 nec
1187 2657 1320 2723 nuncios

364 2757 508 2844 permisit
540 2771 577 2825 ut
612 2758 841 2847 praecederent,
870 2774 903 2826 et
935 2784 1043 2847 regem
1078 2774 1319 2846 praemonerent.

365 2858 480 2925 Franci
495 2858 638 2925 videntes
653 2861 713 2925 hoc
727 2883 816 2925 arma
837 2865 1074 2947 corripuerunt,
1090 2863 1145 2928 sed
1169 2886 1232 2927 nox
1256 2885 1319 2940 non

365 2963 512 3052 permisit
534 2978 571 3031 ut
592 2966 811 3043 convenirent,
827 2977 858 3029 et
882 2966 926 3030 sio
948 2988 1004 3030 rex
1028 2965 1153 3052 Angliae
1176 2989 1320 3031 reversus

365 3080 423 3133 est.
468 3065 659 3154 Prosequuti
681 3080 756 3132 sunt
782 3090 855 3132 eum
878 3065 1008 3133 comites
1030 3067 1192 3133 Robertns
1221 3066 1321 3132 frater

363 3167 460 3252 regis,
485 3179 519 3231 et
545 3168 729 3254 Stephanus
754 3167 854 3232 frater
880 3168 1003 3233 comitis
1029 3168 1174 3244 Henrici,
1200 3167 1320 3255 quibus

364 3268 539 3335 admodum
556 3268 758 3355 supplicavit,
771 3283 808 3336 ut
823 3270 1052 3356 persuaderent
1067 3270 1146 3356 regi,
1161 3294 1201 3336 ne
1214 3271 1319 3358 ipsum

365 3372 568 3459 compelleret
594 3370 767 3456 confugere
792 3370 834 3434 ad
861 3371 968 3438 hostes
993 3371 1085 3458 regni
1109 3372 1265 3450 Francia,
1288 3385 1320 3439 et

364 3473 500 3543 multam
530 3473 563 3537 in
591 3472 696 3538 verbis
724 3473 945 3557 praetendebat
975 3474 1199 3540 humilitatem.
1259 3474 1320 3540 Die

366 3597 442 3639 vero
457 3574 603 3662 sequenti
618 3573 705 3640 misit
722 3576 898 3641 Carnorum
915 3577 1046 3641 nuncios
1062 3599 1146 3654 suos,
1162 3590 1198 3642 ut
1212 3598 1320 3661 regem

362 3675 551 3754 inclinarent
567 3676 608 3742 ad
627 3699 749 3763 pacem,
763 3689 820 3742 aut
835 3681 983 3743 comitem
1007 3677 1169 3743 Flandriae
1184 3700 1321 3743 summo-

363 3791 476 3843 nerent
498 3800 554 3864 per
576 3778 684 3853 fidem,
708 3800 774 3865 qua
798 3801 832 3842 se
854 3778 1062 3864 obligaverat,
1085 3793 1121 3846 ut
1144 3778 1265 3844 veniret
1286 3780 1320 3843 in

364 3877 561 3944 deditionem
576 3880 661 3965 regis
676 3880 813 3965 Angliae,
829 3880 884 3944 sed
901 3903 955 3943 rex
981 3879 1175 3945 Francorum
1192 3903 1226 3944 se
1247 3903 1321 3945 cum

365 4003 404 4044 eo
418 4003 531 4066 pacem
544 3979 731 4046 habiturum
746 3981 887 4066 negavit,
899 3995 1071 4068 antequam
1087 3982 1132 4046 eis
1147 3981 1321 4046 satisfaciat

365 4093 396 4144 et
413 4101 524 4166 regno,
540 4079 582 4144 de
596 4079 656 4144 hoc
679 4079 766 4166 quod
782 4094 936 4160 armatus,
951 4095 982 4145 et
1005 4080 1071 4144 fere
1093 4080 1134 4145 de
1156 4092 1252 4145 noctu
1274 4081 1320 4146 sio

365 4183 398 4245 in
415 4203 488 4244 eum
505 4180 654 4258 irruerat,
669 4203 727 4246 neo
742 4192 848 4245 tamen
863 4203 962 4247 unum
979 4181 1020 4247 de
1045 4181 1178 4248 Francia
1195 4204 1324 4246 movere

365 4295 493 4366 poterat
523 4282 564 4347 de
593 4282 663 4347 loco
693 4306 762 4347 suo.
819 4283 946 4369 Adjecit
976 4298 1081 4349 autem
1112 4309 1145 4349 se
1174 4296 1321 4369 paratum

364 4383 546 4463 ostendere,
575 4385 626 4449 vel
659 4384 690 4448 in
726 4384 884 4465 Maronia,
915 4386 965 4452 vel
1000 4385 1032 4448 in
1065 4385 1164 4450 Curia
1199 4384 1322 4448 comitis
