3384 5525
256 786 365 867 noa]
647 800 826 850 umsronm.
1171 789 1213 851 93

253 981 320 1023 rare
337 967 498 1041 quatenus
513 956 561 1021 eis
576 956 705 1021 obedire
721 968 888 1037 teneretur,
904 968 937 1021 et
951 959 1118 1037 facturum,
1134 980 1210 1023 auc·

252 1073 320 1125 tore
336 1062 419 1135 Deo,
436 1058 527 1144 quod
541 1060 688 1123 ecclesiae
704 1061 767 1124 Dei
781 1061 905 1123 noverit
919 1060 1081 1144 expedire.
1117 1062 1208 1124 Nun·

253 1161 313 1226 ciis
338 1183 469 1246 quoque
493 1182 603 1224 eorum
627 1172 660 1223 et
685 1183 743 1224 auo
768 1163 861 1244 plura
883 1163 987 1225 verbis
1014 1160 1211 1245 exponenda

252 1264 424 1342 commisit,
433 1264 605 1346 increpans
615 1285 671 1328 eos
682 1266 716 1327 in
726 1266 871 1347 pluribus
881 1287 922 1328 ex
932 1265 1028 1349 justis
1038 1276 1070 1329 et
1080 1266 1210 1330 eviden-

251 1368 340 1430 tibus
355 1366 481 1429 causis:
512 1367 636 1447 rogavit
659 1368 755 1429 etiam
777 1366 930 1431 attentius
951 1377 987 1430 ut
1004 1367 1099 1453 juxta
1120 1390 1209 1431 man-

253 1468 365 1532 datum
384 1466 509 1529 domini
528 1488 622 1551 papae
644 1469 941 1532 excommunicatos
963 1490 1039 1532 suos
1060 1482 1209 1551 urgerent

254 1569 296 1633 ad
312 1568 564 1633 satisfactionem
579 1571 628 1632 rel
643 1570 676 1632 in
692 1572 885 1633 sententiam
900 1570 1109 1633 anathematis
1122 1592 1210 1634 revo-

255 1683 384 1736 carent:
410 1690 470 1732 nec
487 1680 582 1733 antea
595 1670 682 1733 credi
696 1684 807 1752 posset
822 1671 910 1754 quod
922 1670 1090 1753 Papiensis
1101 1672 1209 1734 facun-

194 1768 198 1773 ’
252 1774 308 1837 dia
322 1773 457 1853 collegae
479 1772 527 1835 sui
549 1771 647 1835 fidem
668 1774 852 1836 subvertere
874 1774 1008 1839 valeret:
1039 1772 1103 1836 nisi
1122 1794 1208 1836 nunc

252 1875 431 1941 arundinea
444 1874 571 1938 levitate
587 1887 619 1938 et
633 1875 831 1939 concavitate
851 1876 1030 1938 flecteretur
1044 1875 1086 1938 ad
1101 1895 1210 1937 auram

252 1976 341 2041 venti
371 1996 437 2038 non
469 1974 697 2053 incumbentis,
726 1975 782 2038 sed
816 1976 1057 2040 comminantis:
1095 1998 1209 2039 sonum

251 2080 510 2156 excitantisuon
526 2080 653 2161 plagam
670 2079 831 2142 inserentis
842 2092 898 2143 aut
911 2079 1023 2142 ictum.
1051 2081 1208 2157 Fortasse,

251 2183 336 2247 sicut
350 2182 506 2245 hactenus
521 2180 723 2257 credebatur,
739 2182 870 2264 spiritus
889 2181 1030 2245 hominis
1045 2196 1209 2265 promptus

253 2297 321 2348 est:
356 2283 416 2346 sed
441 2283 674 2367 deprehensum
705 2294 754 2347 est
782 2304 910 2347 carnem
941 2306 1010 2347 esse
1040 2283 1208 2348 infirmam.

252 2388 339 2449 Nam
364 2385 405 2448 de
419 2386 593 2459 willelmo,
610 2384 698 2469 quod
719 2387 761 2450 ab
781 2385 874 2449 initio
889 2384 1045 2449 creditum
1060 2396 1107 2449 est
1120 2407 1208 2449 nunc

250 2487 370 2552 clarius
400 2487 572 2550 elucescit:
607 2488 683 2570 quia
717 2508 814 2572 quam
849 2488 1083 2571 magnanimus,
1112 2508 1208 2571 quam

249 2590 356 2654 fidelis
380 2590 414 2652 in
441 2611 539 2653 causa
558 2591 704 2653 ecclesiae
725 2590 882 2653 Romanas
905 2611 1012 2653 coram
1038 2589 1206 2653 Frederico

253 2693 365 2776 Papiae
381 2692 529 2755 inventus
543 2702 607 2755 est:
637 2693 711 2755 talis
733 2700 765 2755 et
779 2701 886 2755 tantus
901 2692 934 2754 in
950 2714 1049 2755 causa
1063 2691 1207 2755 ecclesiae

252 2795 443 2876 Anglicanae
455 2793 494 2871 (si
509 2794 633 2858 licitum
648 2793 750 2874 fuerit)
763 2793 944 2857 invenietur
955 2793 1145 2875 praesidente
1157 2791 1208 2852 vel

251 2896 414 2960 assidente
444 2895 602 2959 Henrico.
646 2897 702 2959 Ex
730 2917 797 2980 quo
827 2895 959 2959 domino
986 2893 1208 2958 Cantuariensi

251 3019 440 3083 persuasum
462 3007 522 3074 est,
536 3008 571 3061 ut
592 2998 726 3062 istorum
749 2995 969 3061 Cardinalium
991 2996 1041 3057 vel
1064 2995 1207 3070 aliorum,

253 3101 308 3184 qui
318 3100 456 3163 fructum
467 3100 638 3182 legationis
648 3109 823 3184 expectent
837 3097 871 3160 in
885 3107 970 3160 terra
980 3096 1064 3179 regis
1074 3095 1208 3177 Angliae,

245 3201 374 3285 judicio
386 3222 420 3265 se
434 3203 522 3266 nulla
532 3202 655 3266 ratione
670 3200 830 3285 subjiciat.
862 3201 914 3262 De
925 3209 1041 3262 caetero
1057 3189 1209 3262 tractatur

252 3304 294 3367 de
319 3324 402 3388 pace
427 3326 549 3387 regum.
593 3305 669 3367 Rex
693 3303 821 3385 Angliae
849 3310 881 3365 et
907 3322 1016 3365 comes
1044 3300 1208 3365 Henricus

252 3405 453 3470 contendunt
477 3415 514 3470 ut
538 3409 619 3471 alter
643 3409 776 3470 alterum
801 3405 835 3467 in
861 3406 924 3467 hoc
950 3405 1081 3487 negotio
1107 3404 1208 3488 possit

250 3508 369 3573 astutia
391 3530 551 3592 superare,
574 3508 632 3572 sed
655 3509 731 3592 quia
752 3507 834 3570 nihil
857 3506 964 3570 adhuc
986 3508 1109 3591 peperit
1131 3527 1208 3570 con-

249 3622 363 3693 ceptus
384 3631 494 3674 eorum
509 3613 611 3675 relatu
633 3610 777 3692 dignum,
793 3609 880 3672 verbi
901 3608 997 3693 hujus
1019 3609 1208 3693 exequutio·

251 3730 328 3771 nem
343 3708 378 3771 in
400 3710 487 3772 aliud
508 3721 637 3794 tempus
660 3710 785 3773 credidi
804 3708 1034 3792 protelandam.
1078 3709 1209 3792 Lugdu·

248 3810 360 3872 nensis
382 3810 647 3895 archiepiscopus
673 3812 844 3875 ecclesiam
871 3822 904 3874 et
930 3811 1090 3875 civitatem
1116 3833 1208 3874 suam

249 3931 324 3974 cum
346 3910 468 3974 honore
483 3922 516 3975 et
532 3912 645 3976 laetitia
666 3912 808 3976 omnium
827 3911 949 3994 recepit
970 3913 1003 3975 in
1026 3913 1106 3975 festo
1121 3912 1209 3976 beati

249 4011 396 4075 Martini.
412 4012 540 4077 Eadem
550 4014 602 4077 dic
613 4034 801 4095 congressus
812 4013 1000 4077 Fredericus
1010 4026 1208 4095 exaugustus

249 4133 324 4175 cum
340 4112 653 4190 Mediolanensibus,
669 4114 794 4178 amissis
809 4117 851 4176 25
867 4115 1032 4191 militibus,
1047 4116 1080 4178 in
1101 4117 1208 4196 lugam

249 4235 359 4278 versus
375 4226 434 4278 est.
472 4216 633 4280 Dominus
647 4238 741 4300 papa,
755 4217 892 4300 receptis
905 4218 1033 4281 nunciis
1049 4217 1104 4300 qui
1120 4217 1207 4280 Con·

249 4316 494 4400 stantinopolim
528 4317 664 4401 profecti
693 4318 818 4382 suerent
854 4340 928 4381 cum
957 4319 1142 4382 muneribus
1176 4327 1209 4379 et

249 4415 385 4495 honore,
397 4428 431 4482 et
447 4418 593 4483 similiter
606 4419 720 4501 legatis
735 4421 818 4501 regis
834 4420 947 4495 Siculi,
957 4428 1159 4504 prosperatur
1174 4416 1209 4480 in
