3384 5525
735 772 955 852 1168]
1353 819 1362 826 .
1510 788 1868 834 Ems'roLAE.
2517 778 2635 837 153

727 938 1109 1024 ignorabam
1140 964 1220 1004 an
1254 939 1623 1002 reverentiae
1654 952 1785 1002 tuae
1819 938 2090 1024 placeret
2114 939 2448 1026 parvitatis
2479 965 2634 1007 meae

723 1040 967 1125 scripta
1041 1044 1382 1126 suscipere,
1461 1040 1574 1125 qui
1641 1042 2036 1127 proscriptus
2105 1065 2273 1105 eram
2337 1043 2638 1108 violentia

725 1141 1007 1227 publicae
1055 1143 1410 1229 potestatis,
1452 1152 1512 1204 et
1560 1140 1704 1205 talis
1749 1141 2028 1206 habebar
2073 1167 2110 1207 a
2155 1143 2474 1229 plerisque
2520 1166 2637 1229 pro

725 1265 921 1306 causa
953 1244 1237 1324 Domini,
1267 1242 1479 1329 qualis
1521 1242 1603 1305 ab
1635 1242 1951 1307 haereticis
1986 1244 2400 1309 schismaticis
2430 1258 2497 1310 et
2527 1269 2636 1309 ex·

727 1345 1212 1409 communicatis
1240 1344 1714 1408 denominabar.
1777 1347 1940 1411 Sunt
1974 1345 2138 1408 enim
2176 1346 2461 1410 homines
2486 1360 2640 1410 tem-

729 1446 1045 1531 poralium
1079 1459 1395 1511 amatores
1422 1468 1582 1531 quos
1611 1467 1737 1508 non
1771 1458 1924 1509 aetas
1954 1446 2253 1511 discernit
2284 1460 2394 1510 aut
2429 1470 2639 1525 sexuS,

730 1569 855 1610 non
890 1546 1121 1612 titulus
1148 1545 1580 1631 professioniS‚
1613 1568 1738 1609 non
1763 1546 2003 1631 gradus
2032 1546 2292 1621 ordiniS,
2323 1569 2447 1611 non
2480 1550 2633 1614 emi·
2666 1616 2675 1631 ,

725 1649 941 1714 nentia
984 1650 1334 1734 dignitatis»,
1376 1672 1503 1712 non
1549 1648 1827 1712 fortunae
1871 1649 2176 1728 conditio,
2218 1672 2342 1713 non
2383 1663 2631 1717 naturae

725 1750 859 1813 fere
889 1754 960 1815 in
990 1752 1201 1814 omnia
1228 1763 1439 1814 creata
1467 1750 1850 1812 dominantis
1878 1750 2213 1835 impulsuS,
2237 1774 2361 1814 non
2391 1752 2638 1838 insigne

728 1853 990 1920 habitus
1019 1868 1127 1919 aut
1160 1854 1441 1941 qualitas
1486 1855 1675 1916 vestis
1707 1853 1969 1938 excipit,
2019 1852 2127 1916 sed
2160 1855 2291 1926 sola
2321 1854 2640 1918 evidentia

730 1956 1129 2033 meritorum,
1161 1955 1273 2041 qui
1298 1953 1458 2017 adeo
1489 1966 1791 2017 verentur
1814 1968 2179 2040 potestateS,
2207 1969 2274 2018 ut
2309 1956 2428 2018 nisi
2452 1955 2533 2019 ab
2551 1955 2640 2020 eis

732 2056 916 2120 venia
960 2056 1323 2142 impetrata,
1384 2078 1498 2117 nec
1556 2077 1701 2117 cum
1765 2054 1902 2140 ipsa
1953 2054 2156 2118 salute
2214 2055 2492 2120 audeant
2541 2055 2642 2120 vel

731 2156 926 2221 solius
985 2157 1165 2221 verbi
1212 2157 1443 2221 habere
1501 2160 1963 2220 commercium.
2056 2158 2144 2222 Et
2192 2157 2454 2243 quidem
2502 2181 2638 2221 ver-

729 2258 881 2324 bum
947 2259 1096 2334 Dei,
1158 2258 1376 2323 salutis
1452 2258 1896 2321 commercium
1958 2272 2097 2331 est;
2177 2259 2350 2345 quod
2413 2259 2641 2346 utique

730 2360 1071 2445 protestari
1097 2382 1218 2422 non
1240 2358 1477 2424 audent
1501 2381 1711 2422 coram
1733 2358 2117 2439 hominibuS‚
2136 2360 2242 2423 sed
2263 2360 2640 2446 impugnare

728 2474 1130 2547 praesumunt
1187 2461 1445 2548 publice
1491 2461 1904 2525 confidenter.
1994 2461 2243 2526 Deinde
2286 2462 2639 2527 nesciebam

727 2565 857 2627 etsi
878 2586 1209 2649 personam
1230 2586 1453 2640 meam,
1474 2562 1539 2626 in
1558 2586 1633 2626 eo
1650 2562 1822 2649 quod
1838 2566 2161 2628 ecclesiam
2176 2564 2363 2628 Cant.
2395 2586 2641 2651 semper

731 2667 964 2747 amavi,
992 2679 1058 2730 et
1090 2680 1162 2730 ut
1189 2655 1409 2729 multis
1429 2678 1701 2746 constat,
1723 2665 1781 2728 ei
1812 2664 1875 2727 in
1898 2665 2114 2732 multis
2137 2666 2450 2751 patienter
2495 2689 2640 2751 pro-

724 2767 852 2832 fuit
913 2791 953 2832 a
1014 2782 1097 2845 te,
1143 2768 1306 2833 sicut
1358 2768 1438 2832 ab
1484 2767 1623 2831 aliis
1666 2791 1830 2853 quos
1888 2791 2387 2854 promerueram,
2440 2768 2638 2831 amari

728 2870 1133 2946 confiderem,
1185 2870 1345 2957 quid
1405 2871 1486 2934 de
1522 2892 1713 2935 causa
1759 2882 2052 2955 suscepta
2098 2870 2383 2946 sentireS,
2444 2882 2506 2932 et
2558 2892 2638 2933 an

730 2972 899 3038 votis
944 2985 1006 3036 et
1048 2973 1267 3037 favore
1312 2972 1503 3036 velles
1533 2973 1822 3037 assistere
1874 2995 2018 3036 cum
2066 2971 2271 3036 turbis
2303 2984 2366 3034 et
2412 2971 2644 3057 princi-

731 3076 925 3161 pibus
984 3076 1383 3141 sacerdotum
1429 3076 1521 3142 eis
1578 3077 1691 3164 qui
1754 3076 2082 3143 Christum
2133 3075 2395 3138 Domini
2440 3096 2646 3158 perse-

732 3191 1040 3264 quuntur,
1082 3200 1161 3241 an
1192 3190 1527 3264 expectare
1573 3178 1928 3257 nobiscum,
1979 3173 2326 3254 (catholicae
2369 3174 2645 3241 ecclesiae

732 3280 881 3345 filiis
912 3277 1083 3358 dico)
1121 3302 1389 3366 regnum
1423 3280 1570 3344 Dei.
1661 3282 1770 3344 Ex
1803 3294 1934 3365 quo
1965 3290 2178 3361 autem
2226 3277 2381 3341 mihi
2413 3277 2494 3341 de
2524 3277 2647 3342 sin-

737 3382 998 3448 ceritate
1031 3394 1143 3445 tua
1184 3382 1489 3457 constitit,
1533 3395 1595 3447 te
1637 3405 1752 3468 per
1781 3382 1931 3447 illos
1977 3402 2248 3467 quorum
2294 3380 2451 3444 mihi
2489 3381 2648 3444 fides

737 3488 804 3548 in
836 3487 1116 3548 Domino
1147 3483 1354 3547 fuerat
1385 3483 1741 3568 explorata,
1784 3505 1910 3546 non
1944 3482 2166 3547 distuli
2208 3481 2505 3560 salutare,
2536 3506 2650 3568 pa·

735 3597 917 3649 ratus
948 3583 1185 3647 habere
1210 3596 1416 3647 tecum
1443 3595 1633 3666 prout
1657 3581 2008 3645 decreveris
2034 3581 2215 3644 verbi
2238 3581 2651 3669 obsequiique

737 3687 1209 3750 commercium.
1304 3686 1466 3748 Nam
1498 3684 1581 3748 ab
1624 3682 1915 3769 apostolo
1945 3681 2163 3759 didici,
2203 3682 2354 3766 quia
2385 3683 2649 3747 verbum

743 3788 1008 3851 Domini
1032 3810 1157 3851 non
1180 3800 1273 3851 est
1297 3787 1652 3872 alligatum.
1705 3787 1894 3849 Certe
1917 3808 2033 3850 nec
2062 3783 2314 3850 caritas:
2350 3784 2654 3871 quoniam

734 3889 925 3954 fortis
953 3901 1051 3952 est
1082 3900 1157 3951 ut
1179 3911 1347 3951 mors
1371 3911 1391 3951 .·
1437 3900 1501 3952 et
1534 3887 1736 3951 sicubi
1767 3908 1892 3949 non
1918 3885 2333 3968 simulatoria,
2362 3886 2470 3950 sed
2503 3907 2651 3950 vera

735 4003 855 4066 est,
886 3991 971 4055 ab
1015 3989 1405 4053 exhibitione
1435 3988 1620 4052 officii
1652 3986 1935 4051 cohiberi
1966 4009 2090 4052 non
2122 4001 2349 4075 potest,
2378 3986 2498 4051 ocii
2528 3999 2657 4052 tor-

735 4114 954 4178 porem
987 4091 1212 4168 nescit,
1244 4104 1308 4154 et
1339 4090 1436 4154 sui
1467 4090 1784 4154 convincit
1818 4112 2025 4153 veram
2067 4113 2199 4153 esse
2235 4088 2656 4153 sub-stantiam

737 4215 866 4258 non
902 4193 1100 4257 verbo
1132 4192 1228 4255 vel
1269 4192 1513 4276 lingua,
1560 4191 1669 4256 sed
1705 4214 1896 4276 opere
1940 4203 2005 4256 et
2045 4193 2331 4253 veritate.
2419 4189 2511 4251 Et

729 4294 1030 4379 quidem,
1077 4317 1272 4380 quam
1320 4293 1401 4356 ad
1446 4292 1773 4358 ecclesiam
1818 4292 2037 4373 habes,
2076 4317 2151 4353 eit
2203 4313 2275 4353 en
2319 4293 2531 4377 pes-⁶1:¹2&

727 4408 850 4474 est,
884 4396 1066 4481 quod
1087 4396 1302 4482 ipsum
1322 4417 1582 4481 operose
1606 4407 1670 4459 ct
1690 4393 2027 4459 efficaciter
2046 4385 2402 4469 excfflss³
2423 4417 2499 4468 ς
