3384 5525
364 771 474 849 ltro]
746 792 927 839 nummum.
1259 784 1322 841 23⁷

392 1041 618 1104 EPISTOLA
641 1042 949 1107 ccxcviii-an
971 1064 1170 1108 monsrauu
1192 1064 1279 1109 nun-

631 1163 782 1208 onuruu.
831 1146 915 1223 [un.
934 1147 1042 1225 ltro]

441 1326 587 1389 Joannes
601 1327 857 1392 saresberiensis
871 1330 1034 1412 Magistro
1052 1328 1233 1395 Hereberto.

406 1458 544 1522 Vnsrna
559 1457 680 1521 redolet
695 1460 815 1544 pagina
833 1460 1009 1540 caritatem,
1025 1474 1056 1525 et
1079 1484 1160 1547 quas
1174 1464 1214 1525 ad
1238 1486 1321 1549 prae-

364 1581 435 1623 sens
450 1558 583 1623 reddere
605 1583 729 1645 nequeo
751 1561 882 1645 gratias,
898 1560 1063 1645 diligentia
1085 1563 1226 1628 studiosa
1249 1588 1321 1650 pro-

363 1662 492 1724 meruit.
536 1659 664 1724 Reddet
686 1674 793 1725 autem
818 1662 875 1747 qui
896 1674 1008 1747 potens
1029 1675 1087 1741 est,
1101 1675 1133 1726 et
1158 1662 1212 1749 qui
1232 1664 1320 1727 cordi

362 1774 470 1825 vestro
494 1762 631 1846 gratiam
659 1761 837 1847 inspiravit,
864 1775 900 1826 ut
924 1761 1074 1826 desolatis
1099 1763 1260 1841 solatium,
1287 1779 1343 1830 et-

367 1862 487 1929 Christi
499 1862 731 1928 consessoribus
747 1864 890 1927 veritatis
900 1865 1115 1930 testimonium
1128 1865 1319 1951 perbiberet.

363 1962 531 2050 Siquidem
547 1964 648 2045 nobis,
659 1976 694 2028 ut
710 1964 945 2028 coexulautium
962 1979 1037 2029 vota
1051 1965 1201 2032 dictionis
1215 1967 1321 2052 plura-

362 2066 454 2132 litate
463 2066 650 2152 concipiam,
663 2066 816 2151 gaudium
828 2079 875 2129 est
888 2078 920 2130 et
932 2065 1100 2147 exultatio,
1112 2091 1211 2153 quum
1224 2068 1322 2133 eccle-

364 2166 419 2232 siae
444 2165 607 2230 columnas
637 2165 789 2230 adversus
818 2166 959 2251 impetus
988 2167 1241 2251 malignantium,
1265 2170 1322 2255 qui

363 2291 423 2335 nos
437 2268 470 2332 in
482 2267 569 2332 aliud
582 2266 780 2351 evangelium
794 2267 964 2330 transferre
980 2268 1166 2344 moliuntur,
1176 2270 1321 2335 videmus

364 2369 554 2445 immobiles,
577 2383 613 2433 ut
633 2367 708 2432 fidei
731 2369 943 2433 sinceritatem
961 2369 1074 2453 gratiae
1094 2384 1125 2434 et
1148 2372 1322 2456 potestatui

365 2471 551 2558 praeferant,
566 2484 598 2535 et
617 2468 803 2533 traditiones
822 2468 985 2532 hominum
1002 2468 1119 2533 divinae
1142 2471 1204 2553 legi
1221 2472 1322 2557 subji-

367 2572 495 2636 ciendas
509 2585 654 2658 patenter
668 2585 700 2636 et
716 2584 863 2656 potenter
882 2570 1038 2636 evincant.
1085 2572 1322 2637 Resistentibus

366 2674 450 2738 enim
480 2674 628 2738 facillime
661 2673 792 2753 cedunt,
819 2673 877 2759 qui
906 2672 1066 2757 fugientes
1097 2657 1324 2739 instantissime

366 2789 626 2862 persequuntur;
658 2786 701 2849 et,
739 2780 892 2859 tanquam
923 2774 1050 2858 praevisi
1085 2774 1164 2859 lupi,
1200 2774 1320 2838 nullam

366 2879 702 2964 appropinquantibus
716 2876 865 2943 adferunt
880 2876 1051 2952 laesiouem,
1068 2877 1093 2940 si
1108 2877 1197 2940 fraus
1210 2899 1320 2941 eorum

366 2978 525 3044 reveletur
551 3002 571 3043 a
594 2979 754 3056 fidelibus,
779 2992 811 3042 et
837 2991 992 3063 arguatur
1016 3001 1034 3040 a
1061 2977 1188 3042 lumine.
1234 2978 1323 3055 Quid

366 3082 449 3145 enim
465 3081 554 3146 dedit
569 3086 610 3145 ab
624 3081 715 3144 initio
726 3104 845 3145 cornua
861 3080 1029 3166 peccatori,
1041 3080 1098 3143 nisi
1114 3079 1203 3165 quod
1214 3102 1323 3144 omnes

366 3182 399 3246 in
426 3182 537 3267 sugam
564 3185 646 3247 versi
672 3183 896 3268 disparuerunt
922 3206 941 3245 a
966 3182 1045 3245 facie
1072 3181 1267 3260 tribulantiS,
1289 3195 1321 3246 et

367 3282 528 3348 ecclesiam
555 3282 751 3347 laborantem
776 3297 886 3347 contra
910 3306 958 3359 ea,
981 3306 1055 3368 quae
1078 3284 1138 3346 sub
1162 3296 1322 3368 praetextu

363 3387 447 3472 juris
471 3386 650 3461 inveterati,
675 3400 707 3451 et
738 3387 941 3473 antiquarum
973 3386 1023 3450 vel
1052 3386 1323 3472 antiquandarum

369 3487 634 3552 consuetudinum
647 3500 854 3574 praesumpta
876 3500 961 3567 sunt,
976 3510 1039 3551 non
1062 3500 1131 3551 erat
1154 3486 1210 3572 qui
1231 3487 1324 3574 adju-

369 3593 481 3653 varet?
515 3588 576 3652 Sed
596 3611 656 3674 pro
678 3602 765 3652 certo
787 3589 845 3672 qui
868 3600 944 3652 tunc
967 3611 1034 3674 prae
1050 3587 1178 3652 'caeteris
1198 3587 1324 3675 placere

368 3688 563 3766 hominibus,
573 3688 671 3751 immo
686 3689 867 3753 furentibus
882 3688 1083 3765 affectabant,
1100 3687 1223 3752 confusi
1239 3683 1325 3767 sunt,

367 3780 586 3876 comprehensi
605 3788 638 3852 in
659 3790 811 3875 operibus
831 3811 984 3852 manuum
1009 3812 1150 3865 suarum,
1167 3802 1197 3854 et
1217 3789 1325 3854 divina

368 3903 531 3976 praeeunte
556 3903 588 3954 et
618 3890 793 3976 adjuvante
821 3889 999 3968 clementia,
1024 3891 1162 3976 amplius
1191 3893 1326 3955 confun-

369 3989 497 4073 dentur,
512 3993 662 4078 quoniam
680 3996 768 4056 Deus
783 3991 863 4056 dum
879 3991 984 4055 taliter
1000 3991 1031 4054 in
1047 3993 1151 4077 specie
1166 3991 1327 4078 religionis

369 4094 486 4158 versati
501 4093 633 4172 fuerint,
649 4094 769 4179 spernit
785 4093 870 4159 illos.
916 4095 1009 4159 Salus
1031 4108 1136 4159 autem
1152 4094 1325 4159 electorum

370 4194 497 4260 videtur
522 4210 605 4261 stare
631 4218 697 4283 prae
721 4195 856 4272 foribus,
879 4208 911 4259 et
938 4197 1170 4281 Deopropitio
1192 4195 1326 4281 gloriam

368 4321 480 4362 eorum
497 4299 562 4363 cito
584 4298 887 4385 contemplabuntur
907 4298 991 4362 oculi
1015 4299 1123 4375 vestri,
1139 4313 1170 4363 et
1191 4298 1325 4362 aliorum

369 4400 427 4486 qui
444 4401 652 4467 decreverunt
671 4405 739 4466 Deo
754 4402 862 4486 potius
877 4424 973 4486 quam
993 4401 1173 4465 bominibus
1189 4399 1327 4464 obedire.
