3384 5525
272 776 376 855 lm]
653 796 834 844 urrsronra.
927 783 931 790 ’
1160 794 1222 853 258

266 944 413 1009 omnibus
424 944 575 1031 adjiceret
586 947 738 1012 honorem
750 949 814 1015 Dei
827 963 859 1016 et
871 951 1068 1016 honestatem
1081 955 1220 1021 ecclesiae

266 1046 381 1111 salvam
405 1048 483 1113 fore.
528 1049 597 1112 Nec
619 1049 660 1112 ad
684 1050 842 1116 modicum
866 1064 899 1117 et
924 1052 1016 1138 quasi
1041 1054 1083 1119 ad
1108 1056 1219 1122 horam

265 1148 406 1226 credens,
422 1161 454 1212 et
468 1148 501 1212 in
517 1149 653 1213 articulo
671 1151 889 1237 temptationis
911 1151 1071 1232 recedens,
1087 1156 1221 1222 adversa

264 1270 432 1335 perpessus
446 1262 505 1327 est,
522 1250 576 1313 sed
593 1251 726 1315 exilium
749 1264 782 1316 et
803 1254 1037 1318 acerbissimam
1061 1258 1218 1345 proscrip-

266 1353 380 1416 tionem
397 1351 429 1415 in
446 1375 563 1416 annum
580 1353 751 1438 septimum
771 1354 958 1438 protelavit:
983 1368 1072 1421 tanta
1088 1359 1218 1444 quidem

264 1449 384 1514 virtute
408 1452 594 1517 constantiae
617 1453 668 1516 via
690 1453 778 1538 regia
803 1453 962 1530 incedens,
985 1469 1018 1520 et
1041 1457 1159 1524 Christi
1185 1474 1217 1525 et

263 1551 508 1637 apostolicorum
532 1554 673 1618 virorum
699 1578 834 1639 sequens
854 1555 999 1640 vestigia,
1021 1571 1058 1622 ut
1082 1558 1219 1625 invictus

263 1655 332 1739 ejus
361 1655 486 1719 animus
515 1678 572 1719 nec
602 1656 741 1721 tortunae
771 1656 930 1722 saevientis
958 1658 1081 1745 impetu
1111 1676 1217 1746 posset

261 1754 378 1841 frangi,
391 1778 449 1820 uec
464 1757 628 1822 blanditiis
642 1757 787 1823 emolliri.

307 1857 371 1923 Sed
402 1870 434 1922 et
465 1859 521 1923 ubi
550 1858 592 1921 sit
621 1857 805 1923 immolatus
834 1858 1002 1925 advertite.
1060 1864 1155 1927 Certe
1185 1868 1216 1929 in

262 1957 403 2037 ecclesia,
430 1983 504 2045 quae
529 1973 628 2045 caput
654 1960 744 2045 regni
771 1972 831 2037 est,
858 1973 890 2025 et
916 1961 1050 2026 aliarum
1076 1965 1216 2031 omnium

264 2073 364 2125 mater
392 2065 426 2125 in
450 2062 590 2143 Christo,
614 2084 718 2126 coram
749 2062 852 2143 altari,
874 2064 957 2128 inter
979 2066 1217 2133 consacerdotes

262 2175 294 2227 et
317 2185 431 2226 manus
456 2162 676 2247 religiosorum
702 2188 784 2250 quos
810 2178 1004 2230 armatorum
1031 2167 1215 2233 carnificum

262 2264 424 2329 tumultus
438 2264 557 2329 iecerat
578 2263 619 2328 ad
636 2265 831 2350 stupendum
847 2278 879 2330 et
894 2267 1072 2332 miserabile
1094 2282 1215 2354 specta-

261 2367 370 2431 culum
382 2369 558 2433 convenire.
597 2367 661 2444 Qui
672 2390 749 2451 crgo
760 2390 792 2430 se
803 2367 908 2452 ipsum
925 2390 944 2431 a
958 2367 1061 2433 multo
1073 2383 1215 2458 tempore

262 2471 452 2535 exhibuerat
476 2470 610 2535 hostiam
634 2469 749 2548 vivam,
765 2484 917 2545 sanctam,
935 2473 1006 2533 Deo
1028 2470 1215 2556 placentem,

262 2572 316 2657 qui
340 2592 467 2636 carnem
493 2593 580 2635 suam
601 2571 633 2633 in
657 2569 865 2649 orationibus,
881 2568 1009 2653 vigiliis,
1028 2571 1161 2656 jejuniis
1182 2585 1215 2638 et

261 2672 430 2758 asperioris
449 2671 542 2736 cilicii
568 2695 627 2737 usu
652 2672 814 2749 continuo,
835 2695 910 2736 cum
933 2671 1019 2736 vitiis
1043 2685 1075 2738 et
1099 2696 1214 2740 concu-

260 2774 424 2860 piscentiis
442 2773 655 2850 crucifixerat,
671 2772 728 2860 qui
743 2772 886 2851 dorsum,
902 2774 991 2860 quod
1007 2775 1106 2839 sancti
1122 2775 1216 2839 fami-

260 2877 354 2941 liures
369 2878 439 2962 ejus
453 2889 619 2953 noverant,
635 2888 788 2962 tanquam
805 2877 927 2940 Christi
950 2881 1104 2961 puerulus
1118 2899 1215 2962 expo-

260 3005 335 3046 nere
360 2993 566 3045 consueverat
588 2980 630 3043 ad
655 2979 793 3064 flagella,
815 2980 872 3065 qui
898 2978 1020 3043 Christi
1042 3001 1158 3064 corpus
1181 2994 1213 3045 et

261 3086 446 3168 sanguinem
462 3083 574 3147 solitus
591 3096 659 3147 erat
682 3083 795 3146 offerre
816 3081 849 3146 in
872 3081 976 3159 altari,
993 3103 1098 3145 coram
1120 3082 1213 3146 altari

259 3196 440 3270 prostratus
464 3184 598 3248 effusum
625 3183 771 3248 manibus
796 3183 967 3267 impiorum
994 3181 1113 3246 obtulit
1139 3205 1213 3266 pro·

259 3287 376 3373 prium.
422 3288 490 3349 Neo
509 3286 599 3351 licuit
613 3286 765 3350 ministris
787 3285 935 3349 Sathanae
950 3284 981 3348 in
998 3284 1212 3351 immolatione

260 3388 410 3472 discipuli
432 3402 463 3454 et
490 3390 584 3468 servi,
604 3389 694 3476 quod
722 3387 924 3474 praeambulis
947 3409 1056 3452 eorum
1081 3387 1113 3451 in
1140 3412 1212 3454 cru-

258 3489 407 3554 cifixione
439 3491 590 3573 Magistri
619 3503 650 3554 et
682 3490 823 3556 Domini.
879 3488 1027 3555 Christus
1053 3490 1149 3568 enim,
1172 3513 1212 3554 ne

258 3589 370 3654 civitas
392 3589 576 3663 faedaretur,
603 3612 641 3652 ne
662 3589 860 3674 pollueretur
886 3590 1066 3666 sabbatum,
1088 3588 1212 3673 jndicio

258 3691 330 3757 licet
354 3692 464 3779 iniquo
485 3692 734 3779 praedamnatus,
753 3692 880 3776 qualem
903 3690 1030 3776 qualem
1053 3689 1211 3777 allegandi

258 3814 316 3876 pro
333 3815 365 3855 se
380 3806 544 3877 acceperat
558 3791 754 3871 facultatem,
769 3803 801 3854 et
816 3790 858 3856 ab
881 3791 960 3853 urbe
975 3790 1105 3870 ductus,
1119 3804 1211 3856 extra

257 3907 383 3978 portam
410 3893 582 3958 crucifixus
607 3905 666 3970 est,
689 3891 863 3956 ministerio
888 3891 1002 3976 utique
1028 3893 1209 3976 gentilium,

257 3996 314 4080 qui
337 3997 510 4061 Dominum
534 4018 595 4059 non
619 4007 783 4075 noverant,
804 4011 836 4058 et
859 3994 1050 4064 auctoritate
1071 3995 1209 4080 publicae

256 4097 435 4182 potestatis,
451 4098 500 4162 his
516 4120 603 4162 reum
620 4097 836 4161 deferentibus
852 4119 988 4182 quorum
1006 4095 1107 4182 legem
1123 4097 1211 4162 visus

257 4212 304 4263 est
327 4199 527 4285 impugnare,
543 4198 701 4283 discipulo
724 4198 789 4261 filio
810 4197 998 4283 perditionis
1021 4197 1209 4282 proditionis

256 4298 422 4384 perfidiam
448 4310 649 4384 procurante.
696 4301 743 4360 At
766 4297 826 4360 iste
851 4318 914 4358 non
938 4296 1034 4359 modo
1055 4295 1088 4357 in
1117 4296 1207 4372 urbe,

256 4400 311 4465 sed
335 4401 419 4465 intra
443 4400 616 4476 ecclesiam,
631 4422 692 4462 non
719 4413 861 4483 tempore
886 4398 1060 4484 prophano,
1079 4396 1131 4460 sed
1155 4395 1208 4460 die
