3384 5525
401 767 509 852 noa]
785 787 964 834 caterona.
1289 777 1351 837 '141

399 940 548 1006 Romano
562 939 723 1026 pontifice,
739 963 796 1004 uec
810 964 886 1026 rege
902 943 1058 1019 Francia,
1070 964 1127 1006 nec
1141 965 1239 1028 opera
1253 944 1358 1008 cardi·

398 1041 534 1120 ualium,
548 1065 606 1107 nec
621 1042 731 1128 aliquo
750 1055 868 1129 praeter
885 1042 977 1108 illum
993 1045 1050 1130 qui
1071 1044 1195 1109 medius
1210 1059 1270 1123 est,
1284 1046 1357 1110 ubi-

397 1168 537 1231 cumque
559 1143 626 1210 duo
649 1145 697 1208 vel
726 1159 789 1209 tres
813 1160 1050 1232 congregantur
1071 1149 1104 1211 in
1127 1148 1253 1212 nomine
1274 1150 1354 1233 ejus.

399 1246 462 1311 Sed
478 1247 565 1314 istud
582 1247 750 1332 adimpleri
774 1236 836 1310 non
857 1260 975 1334 potest,
989 1249 1049 1313 nisi
1064 1250 1126 1336 ipsi
1148 1249 1355 1336 personaliter

398 1348 636 1437 colloquantur,
650 1363 681 1415 et
698 1350 759 1415 sibi
782 1363 897 1415 mutuo
917 1350 957 1415 de
980 1374 1012 1415 se
1031 1352 1208 1418 adinvicem
1223 1353 1356 1418 fecerint

398 1451 505 1517 fidem.
553 1453 626 1517 Scio
640 1452 722 1517 enim
744 1452 832 1538 quod
849 1453 875 1516 si
890 1453 971 1517 alter
986 1453 1026 1517 de
1041 1454 1141 1519 altero
1163 1469 1266 1541 posset
1281 1479 1356 1521 con·

399 1555 510 1637 fidere,
533 1556 595 1641 ipsi
621 1555 680 1620 sibi
710 1556 863 1639 optimam
894 1555 1050 1621 dictarent
1081 1570 1113 1620 et
1139 1557 1254 1621 inirent
1284 1580 1358 1621 cou-

399 1658 520 1724 cordiae
546 1659 681 1723 formam
738 1660 784 1723 Et
814 1658 945 1744 quidem
972 1682 1028 1723 rex
1057 1660 1139 1723 bene
1164 1658 1289 1745 plenam
1315 1659 1357 1724 de

399 1762 650 1848 archiepiscopo,
666 1761 749 1826 sicut
765 1761 936 1826 certissime
951 1762 1100 1842 arbitror,
1115 1775 1224 1848 posset
1241 1762 1357 1827 habere

402 1861 570 1926 fiduciam:
606 1863 684 1947 quia
711 1866 760 1927 vir
784 1861 955 1947 religiosus
981 1875 1046 1928 est:
1081 1876 1112 1927 et
1138 1863 1172 1926 id
1199 1862 1357 1928 duntaxat

400 1987 495 2050 agere
520 1963 642 2042 studet,
669 1964 756 2051 quod
783 1964 823 2029 ad
855 1965 988 2050 gloriam
1015 1966 1076 2029 Dei
1103 1966 1246 2052 proficiat
1272 1968 1356 2031 etei

400 2066 545 2131 conferat
560 2065 601 2131 ad
618 2066 763 2132 salutem.
802 2067 940 2132 Rediens
955 2090 1057 2154 nuper
1072 2091 1091 2131 a
1107 2080 1215 2131 sancto
1226 2067 1358 2154 AEgidio

400 2191 497 2234 sanus
511 2180 544 2233 et
562 2168 730 2233 incolumis
753 2192 810 2252 per
832 2170 937 2252 ipsum
962 2170 1132 2233 transitum
1148 2169 1221 2249 feci,
1236 2181 1269 2233 et
1291 2181 1356 2233 tam

401 2292 474 2335 eum
498 2293 592 2356 quam
615 2269 763 2334 coexules
786 2293 858 2335 suos
879 2293 970 2333 sanos
991 2293 1058 2335 esse
1079 2271 1208 2357 gavisus
1231 2294 1313 2348 sum,
1328 2286 1360 2337 et

400 2374 433 2437 in
454 2372 573 2438 divinis
594 2372 751 2437 exercitiis
773 2385 953 2458 occupatos.
998 2374 1202 2458 Expectabat
1224 2373 1357 2437 nuncios

401 2497 476 2540 suos
490 2498 509 2538 a
524 2475 598 2540 sede
619 2475 794 2562 apostolica
814 2475 1001 2539 redeuntes:
1027 2475 1080 2538 sed
1103 2476 1178 2562 quia
1199 2488 1359 2562 quatenus

401 2576 595 2663 profecerint
616 2577 771 2642 incertum
795 2589 855 2652 est,
876 2576 955 2662 quid
979 2600 1074 2663 super
1096 2600 1134 2640 eo
1156 2578 1358 2643 scribendum

403 2677 445 2743 sit
467 2677 583 2745 nescio.
630 2682 769 2744 Parvum
795 2678 1014 2744 munusculum
1032 2678 1122 2743 vobis
1143 2679 1241 2745 mittit
1261 2680 1359 2745 frater

402 2805 506 2858 meus,
533 2783 593 2848 sibi
623 2806 726 2870 nuper
756 2783 994 2848 transmissum:
1029 2783 1060 2846 in
1087 2807 1165 2868 quo,
1192 2784 1218 2846 si
1244 2781 1359 2870 placet,

403 2886 514 2972 potius
528 2886 700 2950 metiemini
713 2885 913 2950 devotionem
931 2885 1098 2958 mittentis,
1110 2907 1207 2969 quam
1223 2885 1360 2970 gratiam

404 2986 455 3052 rel
469 3011 564 3054 usum
577 2988 727 3054 muneris.
765 2992 816 3053 De
831 2987 881 3050 his
896 3010 970 3073 qnae
986 2998 1157 3049 vertuntur
1172 2986 1255 3049 inter
1270 3007 1361 3070 reges

369 3172 376 3181 ,
404 3090 484 3177 quid
507 3091 641 3157 scribam
664 3091 780 3167 nescio,
804 3092 880 3178 quia
902 3091 1008 3154 adhuc
1030 3092 1185 3154 incertum
1210 3100 1257 3153 est
1279 3089 1360 3175 quid

404 3192 512 3257 nuncii
529 3196 612 3279 regis
628 3193 767 3278 Angliae,
784 3193 842 3279 qui
863 3192 904 3256 ad
928 3191 1074 3256 comitem
1100 3191 1276 3256 Henricum
1295 3206 1360 3257 tam

404 3295 516 3359 crebro
530 3293 713 3364 discurrunt
731 3293 855 3359 valeant
871 3294 1023 3359 obtinere.
1056 3297 1172 3360 Comes
1186 3294 1269 3358 enim
1286 3317 1360 3381 pro-

404 3409 496 3461 curat
518 3396 605 3482 apud
627 3419 733 3482 regem
751 3398 947 3462 Francorum
971 3419 1096 3462 causam
1113 3397 1244 3462 alterius
1266 3397 1360 3482 regis.

408 3499 569 3564 Dominus
594 3499 780 3564 Willelmus
808 3500 970 3586 Papiensis
996 3500 1141 3565 interfuit
1168 3500 1360 3564 ordinationi

407 3602 612 3667 Carnotensis
631 3601 734 3678 electi,
752 3602 811 3666 viri
834 3603 964 3687 quidem
988 3625 1112 3688 magnae
1127 3602 1205 3689 spei,
1220 3615 1251 3667 et
1266 3602 1361 3665 famae

405 3704 598 3780 clarissimas,
609 3717 641 3768 et
653 3728 778 3791 magnac
792 3705 1002 3785 auctoritatis,
1015 3719 1046 3769 et
1059 3704 1170 3769 virium
1188 3703 1360 3767 multarum

404 3807 437 3870 in
454 3829 554 3893 regno
571 3808 777 3873 Francorum.
822 3809 858 3870 Is
873 3819 919 3871 est
936 3820 1008 3893 post
1024 3829 1130 3890 regem
1147 3805 1291 3870 Franciae
1305 3806 1362 3896 qui

382 3909 538 3974 'domino
561 3910 783 3974 Cantuarieusi
807 3923 838 3974 et
862 3909 928 3973 suis
949 3907 1174 3993 patrocinium,
1196 3908 1362 3972 consilium

405 4025 436 4077 et
452 4011 609 4076 auxilium
626 4012 832 4098 singulariter
850 4025 992 4098 praestat.
1041 4011 1138 4074 Vobis
1158 4023 1264 4074 autem
1281 4010 1364 4074 desi-

405 4113 497 4178 derat
512 4114 680 4180 familiaris
694 4138 780 4188 esse;
805 4126 837 4178 et
854 4113 975 4178 utinam
993 4112 1188 4201 quandoque
1204 4116 1274 4176 Deo
1289 4136 1363 4198 pro·

407 4216 545 4303 pitiante
568 4217 739 4282 amicitiam
766 4216 902 4281 ulterius
926 4215 1050 4280 ineatis
1097 4216 1170 4279 Non
1201 4228 1250 4280 est
1280 4218 1363 4279 enirn

406 4325 439 4386 in
462 4318 548 4385 clero
571 4320 728 4401 Francia,
743 4332 780 4385 ut
802 4342 842 4383 ex
866 4319 962 4383 animi
987 4320 1144 4383 sententia
1165 4316 1286 4404 loquar,
1308 4316 1363 4400 qui

406 4415 481 4494 eum
498 4421 671 4510 prudentia
685 4434 716 4486 et
731 4421 913 4508 eloquentia
927 4418 1107 4487 antecedat.
