3384 5525
373 783 434 842 156
638 795 772 839 sonuum
789 792 1062 839 sanusnnmnusrs
1228 779 1275 853 [n.
1294 797 1325 840 o.

372 945 480 1021 verbo,
490 968 547 1008 nec
558 946 716 1009 invitabar
731 945 895 1030 obsequio,
907 965 964 1006 nec
979 942 1103 1029 injuriis
1118 946 1323 1028 provocabar,

372 1047 432 1111 uisi
456 1047 514 1112 tibi
539 1070 636 1133 quem
660 1047 760 1132 diligo
783 1046 920 1109 viderem
948 1045 1126 1129 periculum
1152 1045 1324 1111 imminere.

372 1146 530 1211 Dominus
552 1147 635 1210 enim
652 1146 890 1212 cantuariensis
913 1149 1014 1209 multa
1036 1148 1185 1230 proponit
1208 1160 1326 1211 contra.

373 1261 405 1312 te
421 1247 510 1333 juste
526 1260 563 1312 ut
578 1249 699 1321 asserit,
716 1247 791 1334 quia
806 1260 838 1312 et
859 1246 890 1310 in
911 1246 1057 1333 proprias
1079 1246 1227 1310 ecclesias
1246 1248 1323 1332 ejus,

372 1365 405 1417 et
427 1352 459 1415 in
483 1351 626 1415 homines
648 1350 762 1415 diceris
784 1349 886 1415 multa
904 1372 1107 1436 praesumere,
1121 1362 1153 1414 et
1176 1372 1249 1413 cnm
1272 1374 1324 1414 ex-

374 1454 614 1518 communicatis
629 1453 704 1531 suis,
715 1454 771 1539 qui
783 1454 868 1538 juris
882 1465 1062 1538 exequutor
1077 1474 1145 1515 esse
1159 1451 1325 1531 debueras,

373 1556 477 1642 palam
499 1558 740 1630 communicare,
757 1568 788 1619 et
812 1555 866 1619 ubi
889 1554 994 1619 clerici
1014 1553 1055 1617 ad
1076 1551 1324 1639 redemptionem

374 1658 619 1744 compelluntur,
641 1657 790 1722 adhibere
817 1679 1004 1720 consensum
1029 1653 1077 1718 vel
1100 1654 1324 1719 dissimulatio

374 1782 457 1834 nem,
481 1772 525 1837 et,
546 1758 634 1845 quod
656 1759 787 1841 gravius
806 1771 865 1836 est,
885 1756 925 1820 ad
948 1756 1152 1842 participium
1175 1779 1240 1819 non
1263 1770 1326 1822 tam

375 1860 456 1924 lucri
478 1881 573 1944 quam
594 1858 730 1921 sceleris.
776 1862 891 1943 Neque
912 1858 994 1921 enim
1014 1859 1153 1923 absoluti
1175 1871 1250 1923 sunt
1270 1858 1327 1921 im·

376 1962 566 2046 poenitentes
585 1973 822 2044 perseverantes
842 1961 875 2023 in
896 1960 1012 2025 scelere
1027 1975 1058 2025 et
1075 1960 1242 2025 voluntate
1257 1984 1328 2047 pec-

376 2060 479 2125 candi.
539 2064 611 2124 Hoc
641 2083 778 2145 namque
816 2060 958 2124 conferre
987 2083 1045 2124 nec
1074 2061 1245 2127 cardinalis
1274 2084 1328 2125 nec

378 2162 571 2249 apostolicus
600 2163 729 2248 poterit.
783 2164 938 2228 Sensisses
966 2178 1072 2228 autem
1103 2162 1330 2250 indignationis

376 2264 448 2349 ejus
463 2263 599 2339 aculeos,
615 2263 674 2327 nisi
690 2264 806 2350 aliquis
828 2266 1001 2329 amicorum
1022 2278 1152 2330 tuorum
1167 2266 1245 2330 dato
1259 2288 1330 2330 con·

376 2365 447 2429 silio
472 2365 657 2430 obstitisset.
704 2368 784 2443 Quae
807 2367 832 2430 si
855 2391 874 2431 a
897 2381 928 2432 te
951 2367 1082 2431 moleste
1107 2380 1239 2453 accepta
1263 2390 1328 2431 esse

376 2488 565 2551 cognovero,
588 2467 629 2531 de
652 2479 683 2531 te
708 2468 795 2553 apud
819 2468 908 2533 illurn
934 2481 964 2533 et
988 2468 1073 2555 apud
1097 2481 1128 2534 te
1150 2469 1191 2533 de
1214 2482 1328 2555 caetero

377 2567 486 2633 silebo.

482 2692 544 2745 Non
554 2692 647 2760 longas
659 2694 777 2765 [credas]
789 2694 851 2748 solia
863 2695 969 2764 regibus
982 2713 1039 2748 ease
1050 2712 1156 2748 manna:

380 2818 454 2871 sunt
474 2805 557 2869 enim
578 2818 611 2871 et
630 2805 835 2891 pontificibus
856 2806 1022 2891 longiores.
1067 2792 1227 2872 Dominus
1248 2811 1330 2875 Can·

379 2921 461 2973 tuar.
488 2907 570 2972 sicut
595 2930 654 2994 pro
679 2931 746 2985 sua,
772 2911 817 2972 ita
841 2931 901 2995 pro
927 2922 983 2973 tua
1007 2922 1040 2974 et
1067 2910 1167 2975 totius
1193 2909 1330 2975 ecclesioe

377 3010 508 3075 dimicat
523 3010 680 3091 libertate,
689 3033 783 3096 quem
801 3011 945 3098 persequi
960 3034 1019 3097 pro
1031 3011 1087 3077 tali
1102 3035 1199 3077 causa
1213 3012 1328 3076 crimen

378 3110 563 3177 idololatriae
577 3126 634 3178 est.
680 3112 800 3179 Valete.

378 3414 599 3477 EPISTOLA
622 3416 857 3482 CCLlV.—rn
873 3438 1069 3484 usorsrnou
1093 3437 1326 3484 muanurrou.
1384 3477 1391 3482 ,

742 3522 829 3600 [no.
850 3522 959 3602 tlon]

616 3664 704 3730 Idem
720 3668 881 3752 Magistro
898 3671 1086 3735 Laurentio.

424 3782 479 3843 Du
495 3803 624 3846 munere
639 3797 744 3849 vestro
759 3809 832 3850 caro
854 3801 886 3851 et
908 3787 1056 3872 glorioso,
1073 3787 1161 3873 quod
1178 3787 1256 3851 mihi
1277 3808 1330 3873 per

380 3903 580 3947 communem
602 3890 737 3951 amicum
765 3904 909 3954 nostrum
933 3891 1129 3976 Magistrum
1155 3890 1330 3954 scholarum

382 3985 608 4062 transmisistis,
618 3987 800 4054 liberalitati
812 4005 924 4056 vestrae
935 3992 1054 4078 gratias
1069 4015 1143 4078 ago,
1153 3990 1331 4056 desiderans

382 4095 417 4147 nt
434 4086 462 4148 ei
477 4088 671 4173 quandoque
687 4091 818 4169 valeam,
834 4106 932 4178 prout
953 4094 1051 4178 gestit
1065 4093 1192 4159 animus
1206 4114 1331 4180 respon-

381 4183 466 4249 dere.
504 4188 549 4250 Et
565 4210 656 4274 spero
671 4191 770 4277 quod,
783 4216 840 4279 per
854 4193 989 4278 gratiam
1007 4194 1080 4274 Dei,
1089 4193 1181 4259 nobis
1196 4193 1228 4257 in
1245 4193 1330 4258 brevi

380 4285 511 4351 dabitur
532 4289 753 4374 opportunitas
775 4294 910 4356 invicem
937 4292 1147 4378 obsequendi,
1170 4291 1329 4378 quiajam

379 4387 555 4453 conteritur
579 4403 676 4476 caput
699 4391 887 4470 schismatis,
913 4406 944 4457 et
970 4417 1044 4478 quae
1068 4393 1097 4457 ei
1121 4394 1329 4465 cohaeserunt,
1404 4396 1407 4401 ’
