3384 5525
441 800 484 857 ‘26
703 809 839 853 scaurus
854 804 1129 852 sanesnarueusts
1301 787 1354 864 [a.
1371 805 1402 849 n.

436 964 531 1049 juriis
554 974 586 1026 et
609 962 869 1047 oppressionibus
891 961 1018 1022 nostris.
1062 960 1123 1022 Jus
1145 964 1194 1019 est
1215 957 1331 1041 (pater)
1348 958 1402 1041 jus

441 1075 490 1128 est
511 1085 599 1127 veras
620 1062 796 1146 exprimere
817 1082 922 1137 voces,
943 1059 1116 1143 praesertim
1139 1057 1227 1140 apud
1246 1079 1323 1122 eum
1345 1059 1400 1142 qui

442 1175 564 1229 amator
585 1173 688 1226 estet
709 1173 864 1244 patronus
879 1162 1033 1238 veritatis,
1053 1170 1086 1222 et
1107 1158 1200 1241 eujus
1222 1160 1401 1222 ministerio

442 1266 579 1348 Spiritus
594 1265 734 1328 Sanetus
750 1264 848 1325 totius
861 1262 1008 1325 falsitatis
1024 1261 1178 1342 figmenta
1193 1260 1399 1324 condemnat

441 1365 580 1429 Viduam
596 1364 817 1447 impatientius
838 1375 1088 1447 conquerentem
1110 1361 1268 1445 propheta
1287 1361 1400 1425 habuit

446 1477 643 1546 excusatam,
659 1489 698 1532 eo
719 1466 806 1550 quod
828 1467 862 1529 in
885 1464 1099 1529 amaritudine
1119 1475 1186 1527 erat
1205 1464 1317 1527 anima
1331 1464 1399 1549 ejus

440 1569 483 1632 ob
511 1580 670 1631 recentem
701 1567 760 1629 filii
790 1579 933 1629 mortem.
975 1566 1020 1627 Et
1045 1586 1105 1627 nos
1130 1562 1209 1648 quid
1236 1563 1397 1646 patienter

441 1671 532 1754 queri
553 1692 723 1754 possumus
748 1671 831 1731 inter
856 1679 904 1731 tot
929 1676 1057 1742 mortes,
1079 1686 1233 1741 carceres,
1255 1666 1398 1743 vincula,

440 1774 548 1854 flagra,
562 1772 784 1846 contumelias,
799 1782 944 1846 terrores,
958 1768 1085 1844 esuriei,
1100 1768 1180 1845 sitis,
1194 1767 1354 1832 nuditatis
1366 1779 1399 1832 et

441 1870 637 1936 multimodae
667 1870 858 1933 calamitatis
894 1866 1084 1948 augustias?
1129 1869 1166 1932 Si
1196 1888 1275 1948 ergo
1298 1870 1398 1953 juste

441 1968 647 2035 amaritudini
663 1967 798 2030 debetur
814 1968 916 2041 venia,
928 1988 1062 2050 quorum
1079 1968 1208 2050 querela
1223 1967 1399 2051 patientius

441 2069 602 2134 audienda
624 2067 694 2133 esti
720 2090 855 2151 quorum
879 2068 1052 2150 gemitibus
1074 2069 1176 2151 magis
1198 2068 1399 2150 compatien-

441 2169 537 2234 dum?
562 2192 695 2255 quorum
711 2191 824 2253 preces
837 2170 1011 2251 benignius
1027 2169 1195 2234 audiendae
1210 2191 1229 2232 a
1244 2171 1397 2233 Romano

439 2273 605 2357 pontifice,
634 2294 729 2355 quam
765 2272 897 2335 exulum
932 2273 1209 2336 cantuariensium
1246 2272 1304 2356 qui
1339 2293 1398 2356 pro

440 2374 560 2439 tuenda
582 2375 726 2438 libertate
750 2374 921 2450 Ecclesiae,
935 2395 994 2457 pro
1017 2372 1196 2437 astruendis
1219 2374 1398 2458 privilegiis

440 2477 627 2560 apostolicae
643 2475 728 2539 sedis
744 2476 913 2557 proscripti
929 2496 999 2538 csse
1015 2474 1213 2539 noscuntur?

482 2578 625 2656 Utinam,
641 2588 740 2660 pater,
755 2589 862 2640 esseut
881 2598 973 2641 aures
993 2589 1106 2642 vestrae
1129 2577 1169 2642 ad
1189 2601 1244 2643 ora
1264 2580 1351 2662 regis
1364 2590 1397 2645 et

440 2678 625 2763 optimatum
643 2675 800 2741 Franciae!
824 2677 946 2741 utinam
961 2678 1112 2741 audiretis
1124 2680 1288 2764 quomodo
1303 2683 1397 2747 vobis

437 2781 592 2844 insultant
613 2781 721 2843 hostes
736 2782 907 2854 Ecclesiae,
924 2793 956 2845 ct
974 2783 1038 2845 sero
1061 2783 1200 2846 uuit-ersi
1223 2782 1397 2850 detrahunt

439 2880 549 2947 robis!
577 2883 633 2957 Et,
649 2882 674 2944 si
691 2903 762 2946 reru
777 2894 853 2946 sunt
869 2904 940 2966 quaa
955 2883 1168 2967 praedicantur
1182 2883 1216 2947 in
1232 2887 1396 2968 compitis,

436 3005 502 3048 uon
512 2983 605 3048 rideo
615 3007 681 3069 quo
691 2983 787 3048 modo
799 2984 950 3069 majestas
961 2995 1063 3048 restra
1073 2986 1280 3069 probabiliter
1292 2988 1397 3052 valeat

436 3088 592 3149 excusari.
638 3087 794 3149 Praetereo
817 3086 905 3169 quod
928 3087 1065 3169 insignis
1080 3088 1133 3149 ille
1153 3086 1286 3171 jurator,
1301 3091 1396 3172 quasi

436 3207 470 3249 re
486 3188 569 3248 bene
593 3198 692 3266 gesta,
709 3187 750 3250 de
773 3208 872 3250 manu
886 3199 991 3251 vestra
1007 3189 1196 3253 decanatum
1212 3191 1343 3274 accepit
1362 3201 1396 3256 et
1450 3269 1456 3282 ·

436 3305 544 3349 curam
560 3286 727 3347 multarum
750 3287 937 3363 animarum,
954 3290 999 3351 vir
1020 3291 1162 3372 probatae
1176 3291 1340 3374 religionis
1363 3302 1396 3357 et

435 3387 528 3449 famae
544 3385 664 3461 hilaris,
679 3386 734 3469 qui
749 3407 808 3450 nee
826 3409 890 3451 uno
905 3411 1013 3454 meuse
1029 3393 1284 3457 ecclesiasticum
1300 3392 1393 3459 addis

436 3487 515 3550 dicit
540 3487 643 3550 ritum.
689 3487 752 3550 Sed
776 3489 934 3574 numquid
956 3491 1147 3556 eximendus
1166 3505 1233 3557 erat
1255 3493 1394 3579 ajuris·

436 3587 577 3653 dictione
600 3590 743 3652 omnium
766 3591 1002 3674 episcoporum,
1024 3605 1060 3656 ut
1081 3595 1110 3656 ei
1136 3594 1230 3672 (sicut
1252 3595 1393 3661 fautores

435 3691 483 3754 sui
507 3692 689 3772 gloriantur)
707 3692 892 3755 auctoritate
913 3693 1091 3775 apostolica
1113 3695 1224 3760 saevire
1238 3697 1336 3762 liceat
1357 3699 1392 3763 in

435 3792 596 3876 subjectos
625 3814 689 3857 non
720 3808 877 3858 reservato
903 3796 949 3858 eis
975 3798 1198 3880 appellationis
1224 3800 1390 3865 remedio?

435 3894 604 3977 Numquid
628 3897 726 3960 tantis
751 3908 817 3961 erat
846 3897 1020 3980 privilegiis
1050 3900 1268 3980 extollendus,
1291 3913 1328 3967 ut
1356 3905 1391 3967 in

434 3997 563 4060 introitu
577 4020 635 4061 suo
649 4011 750 4062 vestra
765 4001 954 4064 auctoritate
976 4003 1162 4068 convocatis
1178 4003 1344 4089 episcopis
1357 4015 1392 4071 ct

433 4098 521 4161 clero
531 4100 655 4179 Angliae
667 4099 843 4179 mandaret,
854 4122 894 4164 ne
906 4101 1130 4167 cantuariensi
1142 4105 1391 4190 archiepiscopo

433 4197 610 4275 obedirent,
626 4202 675 4263 vel
691 4200 732 4263 ad
752 4200 858 4282 ipsum
876 4202 980 4265 vocati
1001 4202 1204 4281 accederent,
1218 4215 1251 4269 ct
1264 4215 1301 4270 ut
1315 4207 1391 4290 jure

432 4297 704 4362 excommunicati
730 4298 799 4360 sine
825 4299 1042 4364 satisfactione
1068 4312 1100 4364 et
1124 4299 1274 4367 cautione
1299 4305 1390 4369 omni

430 4400 670 4465 absolverentur
688 4400 722 4462 in
738 4400 911 4483 sacrilegiis
926 4402 1187 4484 perseverantes?
1216 4405 1261 4469 Os
1279 4428 1390 4481 meum
