3384 5525
442 790 506 848 248
685 800 824 846 roauurs
848 798 1123 843 ssuesennrtusrs
1308 780 1353 860 [a.
1371 801 1401 843 n.

447 976 487 1017 au
514 951 554 1015 ad
582 950 800 1037 episcopatum
829 974 922 1015 suum
951 952 1059 1035 potius
1086 950 1188 1015 redire
1214 949 1355 1030 deberet,
1376 963 1407 1015 et

446 1056 530 1138 regis
545 1052 677 1138 obsequi
693 1052 862 1127 voluntati,
878 1074 918 1115 an
940 1051 1084 1116 assistere
1104 1050 1235 1116 domino
1251 1051 1404 1115 Cantuar.

447 1177 505 1239 pro
520 1153 666 1219 libertate
678 1152 819 1218 ecclesiae
830 1166 863 1217 et
874 1151 1057 1216 defensione
1069 1152 1188 1218 divinae
1200 1152 1292 1238 legis,
1299 1156 1404 1217 omnia

447 1278 544 1341 supra
559 1278 656 1340 quam
672 1254 735 1318 dici
759 1254 857 1340 possit
874 1254 1013 1340 pericula
1035 1254 1067 1317 in
1091 1278 1124 1318 se
1144 1268 1177 1318 et
1192 1256 1256 1319 suis
1278 1255 1403 1318 fortiter

446 1356 624 1421 sustinenti.
669 1355 866 1441 Exemplum
882 1355 1058 1421 litterarum
1075 1356 1208 1421 inferius
1224 1357 1402 1441 subjectum

446 1472 505 1524 est.
543 1462 786 1543 Exequutorem
803 1459 980 1523 voluntatis
995 1482 1061 1524 suae
1078 1474 1109 1523 te
1124 1459 1220 1524 faciet
1237 1458 1404 1536 Dominus,

447 1574 479 1625 et
494 1584 563 1625 cam
579 1561 653 1624 fidei
675 1560 900 1625 fortitudinem
915 1573 947 1625 ct
969 1562 1233 1646 perseverantiam
1251 1560 1403 1639 conferat,

449 1675 484 1726 ut
495 1663 610 1727 fratres
621 1680 746 1725 coaevos
759 1673 791 1725 et
801 1674 944 1746 posteros
954 1660 985 1724 in
999 1662 1112 1725 timore
1124 1661 1254 1725 Domini
1266 1673 1298 1725 et
1314 1659 1402 1724 cultu

443 1762 581 1849 justitiae
597 1761 730 1827 feliciter
746 1760 851 1825 valeas
867 1761 1025 1826 roborare.

464 2142 607 2204 EPlST.
633 2139 1081 2205 CCCll.-ADO0NVENT11M
1098 2154 1391 2199 crturuanreuseu.

836 2240 881 2319 [a.
899 2260 929 2302 u.
949 2241 1056 2321 1170.]

655 2425 746 2487 Idem
763 2423 999 2487 cantuariensi
1016 2422 1206 2487 conventui.

493 2558 658 2623 Vesruutr
684 2557 811 2639 soepius,
838 2553 864 2617 si
895 2552 1051 2617 reminisci
1082 2552 1198 2639 placet,
1223 2555 1404 2618 commonui

449 2658 614 2723 caritatem
630 2656 780 2742 quatinus
802 2655 884 2741 patri
908 2666 1011 2720 vestro
1027 2666 1059 2719 et
1081 2655 1212 2721 domiuo
1231 2678 1290 2741 pro
1311 2655 1406 2721 liber-

449 2772 515 2827 tate
527 2758 672 2826 ecclesiae
681 2781 816 2844 agonem
829 2758 861 2823 in
875 2775 1000 2825 sextum
1011 2781 1143 2837 annum,
1154 2759 1240 2846 quod
1252 2759 1407 2825 hactenus

448 2863 556 2947 exegit
578 2860 759 2939 necessitas,
776 2861 974 2946 protrahenti
997 2860 1135 2925 fideliter
1156 2865 1208 2944 (ut
1229 2863 1407 2948 oportebat)

449 2962 650 3036 assisteretis,
663 2973 697 3026 et
709 2974 744 3026 ut
756 2960 1034 3025 communicaretis
1046 2962 1286 3028 necessitatibus
1297 2986 1408 3028 eorum

448 3067 504 3152 qui
530 3065 719 3132 acerbitates
749 3064 845 3141 exilii,
873 3063 1108 3149 proscriptionis
1138 3065 1268 3149 iujurias
1294 3079 1407 3131 coutu-

449 3166 562 3231 melias
590 3167 840 3248 detrahentium,
865 3178 1132 3251 persequutorum
1162 3169 1335 3251 molestias,
1366 3193 1406 3234 ne

449 3270 571 3332 furores
593 3268 726 3333 dixerim
751 3268 929 3354 proverbe
952 3269 1086 3334 Domini
1107 3270 1317 3355 pertulerunt.
1363 3272 1409 3336 Et

450 3369 573 3434 utinam
589 3368 740 3433 salutaria
754 3381 787 3433 et
808 3370 942 3434 honeste
956 3382 1142 3436 monentem
1164 3373 1340 3455 audissetis,
1355 3375 1407 3439 vel

450 3470 586 3536 audiatis
595 3471 711 3549 adhuc,
725 3493 765 3532 ne
779 3492 832 3534 ros
844 3472 942 3557 (quod
954 3473 1050 3556 absit)
1066 3474 1160 3539 nimis
1171 3499 1242 3541 sero
1253 3477 1407 3562 poeniteet

448 3570 679 3637 incredulitatis
699 3580 733 3635 et
752 3570 880 3635 duritiae
901 3584 1025 3640 vestrae.
1073 3575 1157 3641 Nam
1178 3600 1238 3663 ego
1252 3578 1406 3644 hactenus

448 3674 537 3740 vobis
553 3684 589 3738 ut
605 3673 783 3739 Cassandra
799 3674 948 3760 Trojanis
963 3698 1090 3764 semper
1104 3701 1179 3744 vera
1193 3682 1406 3767 pronuncians

448 3775 558 3841 videor
576 3776 734 3840 insanire:
764 3788 798 3840 et
812 3777 853 3841 ab
873 3777 1044 3844 incredulis
1064 3780 1191 3859 dicitur,
1218 3783 1326 3847 Homo
1345 3784 1405 3848 iste

449 3879 490 3943 de
508 3876 603 3942 corde
623 3901 680 3943 suo
702 3879 880 3965 prophetat.
928 3880 970 3945 Et
988 3894 1025 3946 ut
1046 3883 1254 3968 simpliciores
1273 3886 1405 3952 inducat

448 3983 482 4046 in
506 3980 619 4045 erroris
644 3993 677 4045 et
704 3981 867 4046 infortunii
891 3984 940 4048 sui
964 3986 1168 4064 consortium,
1195 3988 1283 4052 vanis
1307 3999 1407 4053 terret

448 4083 596 4148 oraculis:
621 4095 654 4146 et
670 4106 754 4147 nunc
767 4096 889 4150 rectum
905 4087 1101 4172 sapientibus
1113 4089 1251 4156 intentet
1261 4092 1404 4169 adversa,

448 4208 535 4251 nunc
555 4184 830 4272 acquiescentibus
847 4209 997 4274 prospera
1015 4190 1194 4275 pollicetur.
1241 4193 1305 4258 Sed
1328 4215 1405 4259 ecce

448 4290 482 4352 iu
498 4289 636 4353 cervices
647 4288 849 4352 inimicorum
865 4290 1009 4355 ecclesiae
1023 4292 1107 4358 Petri
1119 4293 1245 4378 gladius
1255 4305 1405 4380 potenter

450 4405 577 4456 exertus
592 4405 650 4474 est,
666 4404 699 4455 et
722 4391 852 4456 Malcho
867 4393 928 4458 nisi
949 4393 1089 4458 declinet
1110 4394 1207 4463 ictum
1223 4398 1405 4483 amputabit
