3384 5525
374 758 435 822 loa
650 773 787 817 Jonnrrs
803 772 1082 817 snassnsnrsusls
1232 752 1278 832 [A.
1296 773 1324 817 o.

368 928 401 990 in
416 926 472 989 illa
486 924 659 990 studiosius
671 924 807 990 elabora.
854 927 938 989 Nam
954 923 1034 987 sicut
1046 922 1227 1010 indigentes
1242 945 1322 1008 prae-

371 1031 489 1107 venire,
510 1028 553 1091 sic
576 1027 772 1112 negligentes
795 1028 938 1091 deserere
960 1026 1134 1090 consuevit.
1181 1031 1254 1091 Non
1277 1043 1321 1093 est

368 1123 489 1210 (frater)
505 1128 656 1191 damnum
680 1126 915 1212 dispendiosius
935 1151 1031 1212 quam
1052 1127 1078 1191 si
1098 1128 1173 1213 quis
1187 1152 1206 1191 a
1220 1131 1322 1215 gratia

367 1229 513 1295 excidat:
538 1246 570 1294 et
594 1243 630 1294 ut
645 1230 729 1294 nosti
744 1231 874 1315 jactura
896 1229 1079 1314 turpissima
1100 1241 1149 1293 est
1171 1254 1245 1317 quae
1267 1255 1321 1318 per

367 1331 591 1419 negligentiam
621 1332 668 1396 fit.
740 1333 859 1395 Omnes
888 1330 984 1395 ethici
1008 1343 1071 1395 tam
1096 1334 1195 1396 nostri
1225 1355 1318 1418 quam

367 1434 485 1499 ethuici
508 1434 734 1519 negligentiam
760 1446 916 1497 conantur
938 1445 1098 1512 excutere,
1121 1446 1207 1498 utet
1231 1437 1319 1512 Cato,

368 1540 426 1621 qui
456 1560 475 1601 a
511 1537 626 1600 teneris
659 1535 805 1600 medullis
841 1534 992 1611 ebibitur,
1030 1537 1184 1621 quatinus
1218 1537 1320 1601 auimo

368 1638 491 1702 firmius
503 1637 669 1713 cohaereat,
681 1637 748 1700 filio
759 1636 857 1701 dixit:
873 1636 1073 1700 custodirem
1085 1632 1184 1703 tuam.
1207 1642 1254 1703 Et
1268 1640 1321 1702 Sa·

368 1740 473 1805 lomou
483 1742 635 1826 pracepit
646 1762 702 1802 nos
712 1738 828 1803 imitari
840 1738 1006 1802 formicam
1015 1738 1070 1824 qui
1081 1751 1191 1804 aestate
1202 1739 1320 1826 colligit

368 1840 454 1904 unde
469 1841 556 1904 vivat
571 1841 604 1903 in
620 1838 742 1924 hyeme.
789 1838 876 1911 Quid
889 1851 994 1904 autem
1007 1839 1166 1923 mogisest
1178 1853 1318 1906 nostrum

367 1964 464 2027 quam
486 1941 592 2025 gratia
611 1939 644 2003 id
660 1953 708 2004 est
723 1963 839 2005 munus
855 1940 943 2004 Dei?
968 1940 1096 2005 Dicitur
1118 1941 1201 2005 enim
1218 1944 1320 2028 gratia

366 2042 459 2128 quasi
474 2041 574 2127 gratis
596 2041 681 2105 data.
728 2042 838 2126 Hujus
860 2042 1011 2105 acerrima
1033 2041 1255 2129 impugnatrix
1273 2059 1318 2110 est

367 2143 560 2228 negligentia
574 2165 671 2228 quam
682 2143 827 2228 patribus
842 2143 978 2207 familias
993 2167 1077 2230 saepe
1092 2146 1209 2231 ingerit
1220 2170 1319 2232 genus

367 2244 527 2321 daemonii,
543 2243 631 2329 quod
647 2266 708 2306 non
725 2244 851 2329 ejicitur
867 2245 925 2309 nisi
939 2246 971 2308 in
989 2245 1131 2311 oratione
1142 2261 1174 2313 et
1185 2249 1318 2336 jejunio.

369 2347 424 2409 Tu
438 2368 538 2432 quum
552 2346 729 2409 decreveris
741 2344 892 2412 adversus
904 2346 963 2411 hoc
974 2348 1094 2433 poteris
1100 2350 1261 2436 jejunare,
1267 2352 1319 2415 sed

368 2451 434 2512 sine
450 2447 680 2512 intermissione
702 2447 824 2512 orabis:
858 2471 920 2513 uon
944 2448 1074 2536 quidem
1099 2464 1192 2517 utens
1215 2454 1317 2518 verbis

367 2547 556 2632 sapientium
572 2548 670 2634 hujus
685 2548 806 2628 mundi,
822 2546 880 2635 qui
895 2549 960 2614 fere
975 2549 1106 2617 dicunt:

788 2665 903 2719 Pulchra
915 2668 1045 2734 Lavema,

471 2752 515 2805 Da
526 2752 590 2804 mihi
599 2751 699 2816 fallere,
711 2752 745 2804 da
756 2758 877 2806 sanctum
889 2754 1039 2825 justumque
1051 2754 1149 2809 videri:

367 2857 421 2921 sed
428 2855 741 2943 evangelicisquibus
751 2856 792 2920 ad
800 2859 927 2922 Patrem
942 2882 1018 2923 usus
1029 2873 1077 2924 est
1084 2861 1314 2930 Filiusdioens:

365 2964 440 3024 Non
453 2983 515 3042 pro
535 2963 657 3025 meando
671 2983 754 3044 rogo,
776 2963 833 3025 sed
842 2983 905 3046 pro
927 2966 978 3026 leis
997 2986 1075 3048 quos
1089 2967 1212 3030 dedisti
1226 2970 1317 3042 milti,

366 3076 397 3126 et
420 3064 490 3126 aliis
511 3063 771 3127 convenientibus
793 3063 868 3127 huic
890 3086 1003 3130 causae.
1050 3067 1112 3131 Sed
1135 3068 1241 3134 adhuc
1262 3093 1316 3136 ex·

365 3164 617 3228 cellentissimam
633 3165 773 3228 omniurn
791 3165 886 3243 viam,
899 3167 1069 3231 fraternam
1086 3169 1164 3235 dicit
1176 3183 1208 3235 et
1223 3171 1316 3237 docet

365 3263 525 3348 apostolus
548 3265 724 3347 caritatem,
749 3279 870 3352 quate
895 3269 1052 3335 convincit
1074 3271 1221 3337 incedere
1246 3296 1317 3359 pro-

366 3365 554 3450 scriptorum
568 3369 824 3434 commemoratio
834 3369 982 3436 fratrum.
1005 3373 1050 3437 Et
1062 3396 1165 3459 quum
1177 3374 1316 3440 fraterna

364 3464 614 3546 commendatur,
640 3490 700 3531 non
732 3470 916 3537 excluditur
946 3486 982 3538 ut
1012 3474 1136 3560 opinor,
1166 3479 1313 3543 sororina.

365 3567 485 3633 Valete.
666 3573 669 3579 ’

364 3845 581 3909 EPISTOLA
607 3847 811 3912 COLL-no
831 3869 1064 3917 munucenun
1083 3874 1127 3917 us
1148 3875 1314 3921 launum.

738 3951 785 4026 [A.
802 3969 831 4013 n.
852 3955 963 4030 llos]

399 4116 487 4179 Idem
504 4118 701 4200 Rondulplto
716 4118 754 4180 de
770 4121 922 4186 Arundel
935 4123 1099 4188 Monaclro
1117 4129 1279 4193 Cantator.

406 4252 1314 4352 Quoohactenustibinonscripsi,ratioexcausaduplici,

362 4357 387 4419 si
401 4367 505 4419 tamen
516 4354 632 4422 intueri
647 4356 783 4442 placeat,
797 4361 828 4423 in
841 4360 989 4425 absoluto
1001 4376 1059 4428 est.
1105 4365 1215 4432 Primo
1226 4367 1312 4454 quod
