3384 5525
375 790 474 868 lita]
756 808 935 852 nersroin.
1265 797 1321 854 147

367 958 514 1021 rationem
543 956 731 1020 subvertens
758 959 918 1043 opinionis
944 959 1077 1022 fallacia.
1133 962 1224 1047 Saepe
1248 962 1320 1046 qui-

367 1058 433 1122 dem
456 1059 579 1138 monui,
602 1082 658 1122 nec
681 1082 700 1122 a
723 1060 873 1123 memoria
896 1074 952 1125 tua
974 1061 1128 1126 debuerat
1151 1063 1317 1138 excidisse,

367 1174 399 1224 ut
422 1184 557 1246 operam
584 1160 676 1224 dares
701 1174 733 1225 et
762 1161 972 1245 diligentiam,
1000 1178 1158 1249 quatenus
1187 1163 1318 1229 ecclesia

366 1262 611 1341 Cantuariensis,
626 1275 694 1326 tum
718 1263 985 1348 contemplatione
1003 1264 1075 1345 Dei,
1090 1278 1160 1328 tum
1178 1264 1316 1351 propriae

364 1363 536 1429 honestatis
549 1364 683 1438 intuitu,
700 1363 840 1448 aliquam
860 1364 1102 1429 consolationem
1119 1365 1317 1451 impenderet

366 1467 458 1551 patri,
473 1489 534 1552 pro
548 1466 676 1552 justitia
691 1479 722 1531 et
740 1466 886 1530 libertate
907 1466 1045 1530 ecclesiae
1059 1467 1212 1530 exulanti.
1259 1468 1317 1530 Me

364 1570 463 1632 ventis
490 1569 588 1633 verba
612 1568 745 1645 dedisse,
772 1591 821 1632 res
846 1568 981 1644 indicat,
1006 1584 1038 1631 et
1064 1568 1096 1631 in
1123 1568 1318 1632 contrarium

363 1683 523 1744 eventum,
540 1671 566 1732 si
582 1670 757 1734 multorum
773 1667 937 1733 assertioni
959 1669 1153 1733 credendum
1169 1680 1228 1746 est,
1245 1682 1319 1734 vota

363 1782 533 1834 cesserunt.
579 1770 711 1847 Quoties
726 1770 807 1833 enim
825 1769 1012 1834 mandatum
1034 1768 1153 1832 domini
1169 1791 1262 1854 papae
1277 1768 1318 1831 ad

363 1871 522 1934 ecclesiam
539 1883 676 1934 vestram
692 1870 855 1953 dirigitur,
868 1869 992 1955 quoties
1008 1870 1048 1932 de
1063 1868 1201 1933 utilitate
1216 1868 1319 1932 archi·

364 1973 502 2058 episcopi
523 1994 625 2035 sermo
644 1985 691 2037 est
714 1973 798 2036 inter
820 1995 886 2046 vos,
911 1970 1017 2035 statim
1040 1969 1081 2033 ad
1104 1967 1318 2033 excommuni-

364 2089 469 2139 catum
500 2074 605 2150 illum,
630 2074 686 2159 qui
716 2074 858 2139 ecclesiae
887 2073 1028 2151 incubat,
1059 2072 1158 2136 currit
1189 2071 1317 2149 delatio,

365 2175 474 2239 relatio
490 2174 669 2239 destinatur
689 2173 729 2236 ad
748 2196 864 2258 regem,
879 2175 1071 2259 apostolicus
1091 2186 1270 2249 accusatur,
1285 2186 1317 2235 et

365 2277 421 2340 sub
431 2287 595 2362 praetextu
605 2274 744 2358 publicae
754 2274 921 2358 potestatis
933 2275 1135 2339 contrahitur
1146 2274 1318 2359 impietatis

362 2377 493 2454 occasio,
518 2389 550 2440 et
574 2376 663 2461 quasi
691 2375 858 2439 necessitas
882 2375 1096 2461 delinquendi.
1139 2381 1253 2441 Nonne
1276 2376 1318 2439 ob

364 2483 443 2544 hanc
467 2500 611 2541 caussam
636 2476 796 2561 relegatus
818 2491 868 2542 est
885 2478 1078 2563 Radnlphus
1100 2479 1139 2542 de
1163 2478 1318 2554 Arundel,

363 2582 438 2669 quia
453 2583 487 2645 in
503 2578 654 2665 capitulo,
671 2578 744 2642 solis
758 2578 978 2643 assistentibus
1000 2581 1139 2644 ecclesiae
1153 2580 1225 2643 liliis
1248 2593 1316 2646 ute·

362 2686 449 2764 rinis,
464 2695 497 2747 et
513 2681 749 2769 quodammodo
764 2682 885 2745 intimis
901 2681 1074 2747 visceribus
1089 2683 1204 2759 cordis,
1221 2682 1317 2746 eccle-

364 2789 417 2852 siae
434 2786 612 2871 Anglorum
622 2784 730 2849 literas
739 2784 927 2871 apostolicas
939 2809 1036 2849 ausus
1046 2800 1094 2850 est
1106 2788 1318 2871 praesentare?

363 2890 488 2968 Liberi,
501 2887 607 2973 inquit
623 2887 718 2951 etiam
737 2887 884 2972 gentium
900 2886 963 2965 lex,
982 2900 1129 2972 parentes
1151 2887 1247 2964 alant,
1262 2897 1318 2947 aut

364 2992 553 3055 vinciantur.
598 2991 644 3053 Et
660 2988 729 3053 haec
746 2991 870 3074 utique,
887 2989 968 3052 sicut
991 2988 1103 3053 melius
1124 2987 1217 3066 nosti,
1232 3009 1319 3048 sanc-

365 3095 450 3157 tione
467 3092 636 3176 utriusque
653 3092 833 3156 testamenti
849 3091 1005 3155 firmatur.
1035 3089 1133 3153 Unde
1147 3088 1320 3173 colligitur,

363 3217 466 3281 quum
486 3206 609 3278 patrem
630 3193 774 3257 habeatis
787 3197 950 3279 egentem,
968 3192 1055 3278 quod
1075 3192 1103 3255 ei
1122 3190 1244 3255 debetis
1264 3188 1321 3253 ali·

365 3309 484 3374 menta,
498 3309 556 3359 aut
571 3295 662 3358 vobis
678 3319 697 3357 a
712 3300 783 3360 Deo
798 3295 957 3360 debentur
972 3294 1106 3360 vincula.
1141 3293 1223 3372 Quis
1237 3293 1321 3357 eninr

363 3397 428 3460 seui
443 3394 558 3480 capitis
569 3395 713 3459 homines
728 3395 850 3472 credat,
861 3397 918 3480 qui
934 3396 1034 3482 patris
1047 3419 1106 3482 pro
1121 3408 1186 3460 tam
1201 3394 1320 3459 sincera

363 3520 474 3561 caussa
492 3497 560 3561 sine
581 3497 810 3582 compassionis
828 3497 931 3563 officio
952 3499 1091 3578 videant,
1107 3499 1216 3575 immo,
1231 3498 1320 3582 quod

363 3622 384 3663 a
393 3599 505 3663 multis
521 3599 652 3678 dicitur,
663 3611 696 3662 et
710 3599 835 3664 rideant
851 3600 993 3676 exilium,
1005 3599 1278 3687 proscriptionem,
1290 3612 1322 3663 et

363 3705 562 3785 egestatem?
585 3700 726 3764 Animus
738 3719 842 3765 tamen
856 3703 935 3787 ejus,
946 3702 1034 3787 quod
1048 3702 1140 3766 multi
1155 3703 1323 3776 mirantur,

363 3825 383 3865 a
397 3803 489 3867 vobis
503 3802 660 3866 alienatus
674 3825 737 3866 non
752 3815 813 3882 cst,
828 3803 883 3866 sed
899 3826 956 3888 per
972 3803 1045 3884 tela,
1060 3817 1092 3867 et
1108 3827 1164 3889 per
1179 3805 1279 3890 ignes,
1292 3814 1323 3867 et

364 3903 487 3969 ultima*
503 3905 579 3969 vitae
590 3903 771 3968 discrimina
784 3905 875 3968 vobis
887 3905 1009 3985 salutis,
1020 3906 1159 3983 honoris,
1171 3919 1203 3970 et
1214 3906 1324 3991 gloriae

365 4005 534 4071 thesauros
549 4011 704 4091 congerit,
716 4007 846 4091 quibus,
859 4021 989 4072 auctore
1005 4007 1086 4088 Deo,
1098 4008 1325 4072 Britannorum

367 4118 467 4171 mater
489 4107 520 4170 in
539 4106 670 4172 Christo
693 4107 905 4192 triumphabit
927 4108 958 4170 in
982 4109 1071 4171 brevi
1091 4108 1239 4192 gloriosa,
1253 4109 1326 4192 plus

368 4231 465 4293 quam
484 4209 583 4273 luerit
608 4232 748 4295 unquam
771 4211 804 4272 in
827 4208 942 4274 diebus
963 4210 1113 4296 antiquis.
1159 4210 1324 4296 Numquid

370 4311 456 4376 solus
473 4311 670 4398 Radulphus
686 4312 789 4375 fidelis
804 4325 873 4376 erat
888 4311 1017 4375 domino
1031 4335 1134 4398 papae,
1149 4325 1179 4376 et
1192 4311 1328 4375 devotus

367 4412 632 4500 archiepiscopo?
672 4413 830 4500 Nunquid
861 4415 1092 4499 provinciarum
1123 4414 1268 4499 princeps
1296 4412 1328 4474 in

814 4524 869 4580 nt
