3384 5525
475 764 516 822 94
732 774 869 819 Jouunrs
886 773 1166 819 sanasnnamusrs
1336 758 1381 837 [A.
1398 777 1426 824 o.

477 927 537 991 viis
552 927 697 1006 Domini,
712 948 830 990 moram
848 928 968 991 faciens
985 928 1174 993 Beneventi.
1216 929 1325 1003 Quum
1341 930 1430 1012 plura

473 1028 670 1091 innotuerint
698 1029 780 1091 scitu
806 1025 914 1110 digna,
941 1050 980 1092 ea
1009 1030 1101 1092 vobis
1128 1032 1200 1093 Deo
1230 1031 1428 1115 propiciante

475 1130 613 1194 scribere
628 1152 693 1194 non
708 1130 893 1214 pigritabor.
939 1131 1052 1194 Valete
1066 1131 1192 1195 interim
1207 1144 1240 1196 et
1254 1153 1388 1215 semper.

519 1452 741 1516 EPISTOLA
768 1451 1044 1516 CCXXIX.-ao
1066 1468 1147 1513 nno.
1172 1468 1382 1513 annnnnun

607 1572 737 1618 noceas.
754 1572 883 1617 Prcrav.
899 1570 1056 1616 concam.
1084 1551 1168 1632 [an.
1187 1551 1297 1631 lton]

478 1712 639 1797 Montano
651 1713 839 1776 Raimundo
849 1712 1069 1776 Pictaviensia
1077 1712 1217 1774 encletice
1229 1710 1433 1774 Cancellurio

600 1816 748 1878 locanes
762 1815 910 1893 salutem,
925 1824 957 1877 et
969 1836 1033 1897 pro
1047 1821 1117 1876 coto
1131 1834 1303 1877 successus.

521 1950 558 2013 S1
580 1946 781 2012 salutationis
805 1948 948 2031 antiquae
972 1959 1110 2012 mutatur
1129 1948 1269 2030 species,
1289 1970 1356 2011 non
1375 1950 1432 2012 im·

480 2061 610 2135 putetur
624 2049 880 2133 praesumptioni,
896 2050 952 2113 sed
972 2051 1037 2114 illis
1051 2049 1109 2133 qui
1123 2049 1220 2112 fidem
1237 2071 1435 2134 persequun-

480 2162 543 2229 tur,
558 2150 613 2234 qui
627 2149 766 2212 caritatis
781 2171 898 2212 munus
913 2149 1113 2234 impediunt:
1136 2148 1191 2232 qui
1206 2147 1331 2212 veritati
1347 2148 1436 2212 moli·

480 2263 574 2316 untur
595 2250 739 2314 insidias.
785 2250 967 2333 Sperabam
985 2251 1233 2315 Cantuarienses
1248 2250 1283 2312 in
1299 2250 1437 2314 adventu

481 2352 691 2418 cardinalium
706 2374 740 2416 se
756 2353 874 2416 laboris
890 2362 922 2417 et
937 2353 1056 2417 doloris
1071 2353 1218 2416 solatium
1234 2363 1418 2436 recepturos
1427 2373 1436 2428 3

483 2456 542 2521 sed
557 2468 592 2519 nt
608 2455 716 2531 timeo,
731 2456 863 2520 frustra:
888 2478 972 2533 nam,
988 2467 1024 2521 ut
1039 2476 1097 2539 pro
1119 2456 1217 2519 animi
1241 2456 1305 2518 mei
1325 2457 1438 2539 loquar

480 2556 650 2634 sententia,
669 2577 751 2620 unns
774 2578 883 2621 eorum
904 2560 979 2641 plus
1000 2579 1097 2643 quam
1121 2557 1255 2642 expedit
1273 2557 1437 2621 hominem

481 2659 582 2737 timet,
606 2659 684 2721 alter
712 2658 890 2723 Dominum
916 2682 981 2723 non
1009 2671 1142 2724 veretur.
1196 2660 1248 2723 Ita
1277 2659 1374 2736 enim,
1403 2665 1438 2719 ut

481 2760 608 2837 dicitur,
625 2760 780 2826 hactenus
796 2763 829 2824 in
844 2783 940 2826 causa
955 2761 1090 2826 Domini
1104 2769 1342 2845 processerunt,
1356 2781 1395 2824 ac
1411 2757 1437 2821 si

480 2862 534 2929 ille
549 2886 655 2930 coram
670 2886 745 2947 rege
761 2865 956 2929 constitutus
973 2864 1014 2928 ad
1029 2864 1257 2928 includendam
1273 2863 1437 2926 veritatem

481 2988 590 3031 secum
612 2967 767 3032 attulisset
791 2989 951 3032 carcerem
974 2967 1178 3043 Tullianum3
1207 2966 1274 3040 hic,
1290 2963 1332 3028 ad
1351 2983 1437 3028 com·

480 3068 642 3150 pedienda
663 3067 740 3153 jura
772 3070 881 3150 legum
911 3080 943 3132 et
972 3068 1154 3146 Canonnm,
1182 3067 1313 3129 vincula
1341 3062 1437 3127 Petri.

482 3169 675 3233 Francorum
689 3170 760 3232 haec
777 3171 817 3233 de
840 3170 887 3234 eis
910 3170 1068 3234 sententia
1082 3180 1141 3234 est.
1184 3171 1253 3233 Res
1267 3167 1329 3232 tibi
1342 3167 1438 3230 latius

483 3268 668 3335 innotescet
684 3291 724 3333 ex
739 3271 839 3334 literis
854 3293 933 3354 quas
945 3293 1018 3336 meo
1028 3271 1148 3335 Joanni
1164 3270 1290 3354 plenius
1301 3267 1438 3332 exaravi.

483 3372 593 3433 Unum
609 3370 676 3433 scio
696 3369 784 3451 quod
807 3372 965 3437 adventus
985 3394 1095 3437 eorum
1116 3371 1311 3457 quibusdam
1327 3368 1438 3434 amicis

485 3473 546 3536 tuis
563 3472 699 3557 quietem
722 3473 865 3552 abstulit,
879 3477 1007 3540 labores
1021 3485 1054 3539 et
1073 3473 1308 3539 sollicitudines
1323 3471 1440 3548 attulit,

482 3582 515 3636 et
529 3593 585 3635 eos
600 3571 781 3654 sumptibus
793 3576 969 3639 attenuavit
979 3596 1059 3660 quos
1073 3572 1194 3638 utinam
1211 3571 1441 3636 confecissent

484 3673 656 3736 incassum.
711 3672 764 3735 De
793 3688 908 3738 caetero
938 3678 1062 3762 quoties
1092 3687 1308 3760 opportunum
1337 3671 1442 3747 firorit,

483 3776 621 3839 sollicita
643 3776 856 3840 sarracenum
879 3790 915 3842 ut
937 3779 1082 3862 petitioni
1105 3800 1185 3843 meae
1208 3771 1395 3853 satisfaciat,
1409 3780 1442 3837 et

483 3877 675 3940 transmittat
685 3877 765 3939 mihi
773 3879 889 3943 librum
901 3882 988 3944 beati
1000 3881 1150 3963 Dionysii
1157 3873 1442 3943 deEcclesiastica

486 3978 676 4041 Hierarchia
702 3989 734 4040 et
760 3978 877 4043 divinis
905 3983 1102 4059 nominibus,
1127 4002 1219 4066 quos,
1245 3979 1332 4043 sicut
1355 3973 1442 4060 apud

483 4082 613 4145 beatum
629 4079 809 4161 Dionysum
826 4082 936 4165 didici,
950 4107 1054 4170 nuper
1069 4084 1238 4151 transtulit
1283 4083 1408 4148 Valete.
