3384 5525
248 746 347 829 noa]
624 762 803 813 00110110.
1155 752 1195 809 95

243 992 461 1056 EPISTOLA
486 991 835 1057 CCXXX-sonuum
852 1010 1037 1057 0100100101
1053 1012 1097 1056 10
1113 1012 1193 1057 uno.

445 1114 538 1158 1010.
555 1114 733 1159 saansaan.
769 1094 813 1175 [1.
824 1114 856 1158 n.
875 1098 983 1179 1161]

278 1255 369 1317 PosT
392 1253 637 1316 translationem
653 1256 816 1336 Angelicae
839 1256 1040 1319 Hierarchiae
1059 1260 1193 1322 transla-

239 1357 355 1419 tionem
377 1355 620 1419 Ecclesiasticae
645 1355 764 1434 distuli,
779 1358 854 1441 quia
880 1380 974 1442 super
999 1381 1038 1422 ea
1062 1363 1192 1425 transse-

238 1457 332 1521 renda
353 1466 491 1521 vestram
512 1457 708 1522 voluntatem
729 1460 881 1541 ignorari.
924 1462 1067 1524 Verebar
1086 1473 1192 1526 autem

237 1582 273 1624 00
293 1560 422 1623 viderer
443 1569 476 1623 et
498 1581 639 1623 meorum
662 1562 780 1625 nimius
802 1564 1008 1646 approbator,
1031 1573 1062 1625 et
1084 1576 1194 1627 contra

237 1663 440 1726 Salomonem
456 1661 604 1725 liminum
626 1664 720 1727 amici
741 1664 805 1728 mei
820 1663 951 1728 odiosus
966 1665 1193 1748 frequentator.

235 1764 453 1826 Veruntamen
480 1762 523 1825 ad
547 1764 805 1827 transferendum
833 1765 986 1846 magister
1011 1765 1193 1828 scholarum

235 1888 284 1929 me
313 1866 501 1944 commorit,
530 1866 587 1948 qni
617 1866 686 1950 ejus
717 1867 919 1930 Hierarchiae
945 1868 1062 1930 factam
1094 1888 1114 1929 a
1141 1889 1193 1929 me

236 1969 478 2031 translationem
494 1990 552 2031 vos
574 1969 753 2051 approbare
773 1980 805 2032 01
824 1969 921 2052 hujus
940 1970 1099 2052 postulare
1116 1991 1192 2032 con·

234 2070 384 2134 firmarit.
422 2071 574 2134 Eundem
591 2082 697 2134 autem
710 2071 839 2134 modum
856 2071 1065 2135 transferendi
1081 2072 1115 2133 in
1130 2072 1191 2136 hac

234 2172 428 2235 Hierarchia
442 2193 536 2255 quem
555 2172 590 2234 in
617 2171 750 2235 Coelesti
776 2174 953 2250 observavi,
967 2173 1028 2235 hoc
1053 2185 1191 2255 excepto

233 2272 319 2357 quod
330 2274 466 2337 Latium
481 2274 640 2338 dictiones
655 2275 774 2338 multas
788 2295 846 2357 pro
862 2296 927 2337 una
939 2275 1055 2337 Graeca
1069 2275 1192 2357 positas

232 2396 297 2438 non
312 2374 437 2459 ubique
453 2375 621 2459 conjunxi,
636 2384 668 2437 01
683 2374 802 2438 alicubi
823 2395 950 2437 sensum
970 2374 1079 2458 potius
1095 2396 1191 2458 quam

234 2478 331 2539 verba
354 2497 424 2539 sum
447 2487 610 2561 sequutus.
656 2476 776 2540 Poterit
799 2486 907 2539 autem
929 2476 1045 2560 aliquis
1067 2496 1191 2538 remon·

236 2589 332 2641 strare
357 2599 455 2661 quare
477 2578 636 2662 placuerit
661 2577 849 2641 Latinorum
872 2576 1018 2640 ecclesiae
1042 2576 1191 2659 quaedam

235 2692 355 2743 mutare
378 2700 453 2764 quae
476 2688 603 2742 constat
621 2679 723 2741 virum
747 2678 982 2741 sanctissimum
1000 2689 1033 2740 et
1052 2678 1092 2739 ab
1114 2697 1190 2759 apo·

235 2782 323 2844 stolis
339 2782 498 2846 eruditum
514 2781 693 2859 tradidisse,
708 2782 773 2844 imo
794 2780 912 2843 tradita
926 2782 967 2843 ab
982 2779 1190 2842 antecessori·

233 2881 292 2944 bos
315 2882 385 2945 suis
405 2883 593 2958 narravisse,
608 2892 641 2946 et
663 2904 759 2966 quare
782 2882 899 2946 tradita
914 2882 1033 2944 suerint
1047 2881 1190 2942 rationes

235 2983 422 3048 ostendisse.

229 3209 450 3274 EPISTOLA
472 3209 1185 3275 001111111-1110111000011001100.

601 3313 688 3393 [an.
708 3310 818 3390 noa]

445 3446 571 3510 loanni
585 3447 787 3510 Pictuoieusi
801 3446 973 3530 Episcopo

273 3559 436 3622 Palmum
456 3568 505 3622 est
527 3557 665 3621 consilio
688 3569 791 3620 vestro
813 3579 872 3641 pro
892 3557 1031 3621 viribus:
1056 3558 1188 3620 missum

235 3660 348 3724 estad
371 3660 538 3724 dominum
560 3681 679 3746 papam
701 3681 775 3723 cum
797 3660 897 3724 literis
921 3660 1187 3724 christianissimi

233 3762 316 3844 regis
342 3774 375 3826 et
400 3763 589 3846 optimatum
616 3763 772 3827 Franciae.
822 3761 1041 3826 cardinalium
1070 3784 1188 3826 nomen

230 3864 322 3928 viluit
343 3863 442 3947 apud*
459 3865 612 3942 Francos,
636 3887 675 3928 eo
701 3863 790 3946 qnod
815 3864 1004 3928 Balaamitae
1031 3878 1189 3948 quatenus

229 3966 318 4030 licuit
332 3966 455 4029 inventi
475 3979 560 4047 sunt,
580 3979 610 4031 ct
629 3967 718 4050 digni
740 3966 795 4051 qui
816 3988 891 4030 cum
911 3965 978 4030 suis
1000 3965 1189 4030 Madianitis

229 4079 378 4133 corruant
400 4069 508 4151 gladio
529 4071 655 4154 Moysi:
687 4070 852 4133 vivificant
872 4069 957 4130 enim
972 4069 1094 4133 animas
1115 4092 1188 4153 quae

228 4191 292 4234 000
303 4171 428 4249 vivunt,
438 4182 471 4234 01
483 4173 699 4235 Moabitarum
712 4181 878 4255 captantes
889 4192 1023 4234 munera
1032 4173 1188 4253 populum

229 4271 291 4335 Dei
314 4272 488 4336 maledicto
511 4283 544 4335 et
566 4272 699 4336 infamia
721 4282 879 4336 conantur
900 4272 1068 4334 involvere.
1114 4271 1184 4332 Nec

225 4375 315 4439 veriti
322 4385 401 4439 sunt
410 4375 537 4439 mentiri
549 4375 581 4438 in
587 4375 687 4440 literis
699 4395 778 4458 quas
790 4385 901 4439 contra
911 4372 1187 4445 Cantuan’ensem,
