3384 5525
366 774 425 834 106
644 787 781 831 1011111118
797 784 1076 831 sanusneumrvsm
1223 767 1269 845 [a.
1286 788 1314 829 n.

384 1053 608 1116 EPISTOLA
631 1048 943 1116 ccxxxvi-ro
966 1067 1152 1114 nonnarum
1177 1069 1293 1113 11111111

631 1180 776 1224 murone.
826 1158 872 1238 [a.
889 1179 920 1222 n.
941 1163 1049 1237 tlon]

651 1316 864 1401 Rodertofilt'o
880 1317 1035 1401 AEpidr'ae.

405 1458 560 1519 Aucrrou
580 1476 685 1519 nexus
708 1464 755 1517 est
779 1453 919 1517 caritatis
942 1473 1038 1537 quam
1068 1453 1257 1533 sanguinis:
1282 1465 1311 1516 et

362 1560 417 1623 ubi
443 1559 592 1640 cognatio
614 1556 799 1619 distrahitur¹
821 1555 1009 1632 animorum,
1032 1558 1121 1617 carni
1144 1553 1315 1637 conjuncta

362 1682 436 1725 caro
458 1681 525 1722 non
548 1658 680 1741 prodest
704 1656 888 1739 quicquam.
938 1656 994 1717 Ex
1024 1677 1087 1739 quo
1111 1656 1148 1717 fit
1173 1668 1210 1718 ut
1235 1657 1314 1718 inter

361 1765 451 1847 ipsos
472 1763 583 1825 fratres
606 1761 648 1822 sit
669 1759 752 1822 alius
774 1759 953 1839 germanior
976 1757 1050 1833 alio,
1072 1757 1149 1820 dum
1166 1779 1225 1839 pro
1241 1777 1315 1820 con·

363 1865 520 1928 formitate
536 1884 670 1934 morum,
686 1883 744 1943 pro
766 1860 950 1923 dilectionis
965 1872 1136 1939 augmento
1157 1880 1230 1923 vera
1243 1880 1314 1940 cog·

362 1965 451 2027 natio
473 1983 566 2025 suurn
587 1961 700 2043 recipit
722 1961 962 2023 incrementum.
1010 1961 1095 2022 Nam
1118 1981 1192 2043 qum
1215 1960 1316 2023 carnis

364 2065 523 2127 duntaxat
533 2072 591 2134 est,
604 2082 669 2123 non
680 2061 782 2141 magis
794 2071 843 2123 est
859 2059 1023 2122 hominum
1034 2080 1127 2142 quarn
1144 2061 1314 2123 brutorum.

364 2167 445 2237 Quae
460 2163 537 2246 quia
565 2162 696 2225 rationis
718 2161 862 2243 expertia
886 2174 972 2236 sunt,
996 2171 1028 2224 et
1050 2161 1175 2224 virtutis
1196 2161 1314 2243 ignem,

364 2287 429 2330 non
452 2265 696 2328 reminiscuntur
718 2263 807 2347 quod
829 2264 914 2326 mala
943 2274 1028 2341 sunt,
1048 2264 1211 2346 legitimos
1238 2262 1316 2325 obli·

363 2369 526 2432 viscuntur
547 2368 691 2442 affectus,
714 2375 747 2427 et
769 2386 834 2448 quo
856 2364 1037 2447 provectior
1058 2364 1152 2427 luerit
1174 2376 1263 2438 aetas,
1278 2384 1315 2425 eo

362 2470 491 2550 longius
511 2467 666 2531 recedunt
680 2489 699 2531 a
713 2478 836 2538 natura,
852 2478 885 2529 et
898 2465 1029 2529 inutiles
1052 2467 1159 2529 curnis
1181 2486 1316 2549 sequun-

365 2581 415 2634 tur
436 2570 608 2653 appetitus.
653 2570 819 2650 Expertus
837 2579 970 2651 experto
993 2571 1117 2651 loquor,
1133 2569 1191 2650 qui
1213 2588 1316 2630 veram

366 2670 589 2751 cognationem
605 2690 730 2732 acerne
743 2669 886 2733 desertus
901 2681 933 2733 et
943 2671 1099 2751 sanguine
1111 2670 1195 2733 inter
1209 2669 1316 2733 alieni-

364 2795 464 2856 genas
486 2772 598 2856 reperi.
644 2772 696 2834 Tu
718 2792 793 2852 ergo
816 2794 913 2856 quum
936 2773 1016 2836 mihi
1039 2774 1192 2855 sanguine
1219 2769 1316 2856 (quod

364 2876 464 2939 iacies
488 2876 561 2958 ipsa
585 2872 761 2954 convincit)
782 2872 917 2955 junctus
942 2875 994 2951 sis,
1018 2886 1050 2938 et
1072 2875 1216 2952 caritate,
1231 2873 1315 2958 qtrod

365 3000 462 3062 quum
470 2978 653 3052 multa,tum
667 2975 1029 3058 inauratushyacinthus
1041 2976 1315 3059 quotidieprobat,

365 3079 445 3141 alios
460 3076 641 3153 antecedas,
653 3097 748 3158 quem
761 3074 923 3156 praeferam
942 3076 999 3138 tibi
1014 3076 1025 3140 ?
1048 3076 1119 3139 scio
1130 3077 1217 3138 enim
1230 3073 1315 3160 quod

364 3189 395 3240 et
409 3191 442 3241 tu
459 3198 579 3259 paucos
594 3176 765 3239 admodum
782 3177 932 3259 praeferas
944 3179 1033 3253 mihi,
1048 3178 1111 3241 nisi
1127 3178 1206 3240 sorte
1218 3197 1315 3260 nepo-

366 3279 449 3342 tulus
464 3298 556 3340 meus
571 3276 651 3340 adeo
668 3276 871 3341 transfuderit
886 3278 918 3340 in
935 3300 969 3341 se
984 3280 1083 3362 patris
1104 3279 1315 3354 affectionem,

363 3391 399 3442 ut
427 3377 509 3440 nihil
531 3378 669 3440 caritatis
691 3388 747 3441 aut
768 3379 863 3441 solito
887 3379 990 3443 minus
1012 3381 1177 3465 reliquerit
1196 3391 1315 3464 patruo.

365 3478 429 3543 Sed
441 3488 526 3542 certe
536 3478 597 3541 hoc
608 3478 687 3540 mihi
698 3479 882 3563 persuaderi
894 3502 959 3543 non
968 3490 1082 3564 potest.
1122 3484 1194 3545 Nec
1206 3481 1316 3544 dubito

363 3581 440 3666 quin
456 3581 488 3642 in
513 3592 640 3664 pectore
661 3592 717 3644 tuo
739 3581 818 3645 mihi
840 3592 1019 3646 reservatus
1041 3583 1084 3646 sit
1105 3581 1317 3666 amplissimus

361 3686 460 3747 locus.
506 3682 571 3746 Sed
585 3684 619 3746 in
635 3683 732 3747 domo
748 3697 803 3747 tua
824 3685 904 3746 mihi
919 3685 1028 3748 locum
1045 3685 1202 3768 optimum
1217 3682 1312 3749 desti·

363 3787 455 3863 nasti,
471 3795 505 3848 et
522 3784 795 3868 jucundissimum
818 3798 893 3870 post
914 3787 1004 3849 illum
1028 3809 1123 3870 quern
1146 3785 1316 3871 occupabit

363 3885 469 3956 archa,
481 3905 553 3966 quoe
563 3887 687 3968 speeies
698 3908 802 3949 rerum
815 3888 960 3950 continet
970 3889 1123 3971 perutiles
1134 3887 1178 3950 ad
1189 3905 1313 3951 omnem

364 3983 565 4046 medicinam.
612 3988 692 4057 Quae
716 3987 743 4049 si
766 3990 932 4051 exhaustas
962 4000 1017 4052 aut
1039 3988 1216 4051 imminutas
1232 3996 1314 4058 sunt,

364 4095 474 4146 aestate
491 4086 660 4166 praeterita,
682 4109 723 4149 ne
741 4089 874 4151 turberis
895 4089 973 4172 quia
989 4090 1021 4153 in
1038 4089 1159 4153 eisdem
1176 4107 1316 4152 succres-

365 4183 625 4259 cunthortiS,ubi
635 4206 689 4247 ens
699 4187 848 4266 colligere
864 4209 1088 4253 consueveras:
1106 4198 1138 4252 et
1153 4188 1181 4251 si
1192 4185 1314 4251 radices

363 4283 546 4348 abdiderint
574 4283 608 4344 in
639 4282 845 4366 profundum,
883 4308 937 4350 eas
966 4288 1156 4371 profundius
1193 4287 1311 4350 fodito:

362 4386 439 4470 quia
459 4384 539 4448 odor
558 4406 664 4448 earum
685 4388 889 4452 suavissimus
909 4401 967 4469 est,
984 4401 1016 4453 et
1036 4411 1113 4454 usus
1134 4390 1313 4454 maximus:
