3384 5525
729 765 948 849 1168]
1506 786 1864 831 EmsroLAE.
2515 778 2632 836 157

724 941 925 1003 immo
945 938 1013 1001 in
1038 947 1314 1001 stercore
1345 958 1463 1001 suo
1492 949 2024 1022 computruerunt
2057 937 2363 1015 membra,
2388 961 2638 1006 necesse

722 1051 821 1103 est
902 1038 1274 1123 comperire.
1395 1039 1562 1101 Nam
1645 1060 1777 1122 quo
1856 1037 2058 1122 magis
2137 1038 2480 1120 insaniunt,
2559 1066 2636 1107 eo

723 1139 975 1203 ruinam
1038 1160 1217 1203 suam
1279 1136 1470 1201 citius
1515 1149 1580 1201 et
1629 1136 1896 1200 vicinius
1947 1138 2231 1204 indicant
2288 1140 2634 1207 imminere.

723 1242 1001 1306 Morbus
1025 1263 1227 1327 quum
1251 1239 1315 1302 in
1347 1261 1596 1302 summo
1618 1251 1738 1316 est,
1760 1252 2061 1325 properat
2083 1241 2148 1303 in
2179 1242 2523 1325 defectum,
2546 1257 2632 1321 et,

725 1340 777 1404 si
820 1340 1070 1427 peritus
1129 1355 1225 1403 est
1276 1338 1531 1417 artifex,
1580 1361 1772 1401 causa
1823 1340 2079 1423 cognita
2137 1341 2387 1405 facilius
2433 1358 2633 1409 curat.

728 1443 1055 1511 Caeterum
1081 1441 1363 1505 medicus
1386 1440 1663 1504 ecclesiae
1694 1440 1806 1525 qui
1837 1441 2130 1505 medetur
2158 1443 2636 1511 infirmitatibus

726 1544 982 1619 nostris,
1004 1556 1067 1607 et
1092 1543 1357 1606 vulnera
1388 1552 1565 1604 sanat
1591 1562 1759 1604 nunc
1791 1543 2098 1621 cauterio,
2117 1565 2287 1606 nunc
2316 1544 2633 1625 fomentis,

729 1644 984 1709 miscuit
1022 1644 1371 1731 potionem,
1414 1666 1563 1728 quae
1593 1642 2041 1728 propinabitur
2085 1645 2232 1709 filiis
2263 1646 2634 1732 BabyloniS‚

730 1757 805 1809 ut
848 1745 1247 1811 inebrientur
1291 1757 1354 1808 et
1400 1757 1724 1821 corruant,
1770 1756 1833 1808 et
1863 1741 2021 1809 'vasa
2066 1747 2635 1833 transmigrationis

726 1846 936 1910 redire
965 1849 1289 1932 patiantur
1318 1844 1402 1909 ad
1432 1844 1675 1909 cultum
1719 1845 1843 1908 Dei
1883 1845 1999 1909 sui.
2092 1850 2227 1910 Nec
2259 1852 2635 1915 moveamini

727 1948 807 2012 ad
839 1948 1321 2025 desolationem,
1364 1948 1414 2011 si
1456 1946 1698 2033 publici
1745 1945 2067 2031 languoris
2105 1948 2384 2034 impetus
2427 1952 2634 2017 Picta-

731 2050 898 2113 viam
954 2072 1123 2113 nunc
1162 2050 1441 2114 infestat.
1532 2048 1700 2126 Quia
1751 2048 1838 2112 sic
1889 2049 2191 2133 frequens
2235 2064 2330 2116 est
2381 2058 2636 2120 morbos

729 2152 1097 2216 crudescere
1150 2156 1419 2217 sanitate
1466 2151 1686 2216 vicina.
1801 2154 2114 2217 Movebor
2164 2167 2378 2218 autem
2427 2160 2478 2221 si
2522 2158 2633 2222 do-

731 2253 945 2319 minus
986 2254 1398 2320 Pictaviensis
1442 2253 1522 2318 ad
1570 2254 1840 2340 alicujus
1879 2277 2096 2340 preces
2129 2255 2378 2321 clavum
2412 2260 2633 2345 refigat

729 2356 794 2419 in
836 2356 1120 2436 oculum,
1160 2357 1459 2442 latusque
1504 2359 1737 2439 sagitta
1781 2357 2057 2441 perforet
2104 2357 2523 2438 irrevocabili,
2570 2376 2634 2427 et

727 2459 1149 2545 compedibus
1177 2459 1411 2523 vinciat
1456 2459 1672 2544 pedeS,
1706 2461 1757 2523 si
1797 2482 1940 2522 eum
1990 2461 2180 2523 semel
2227 2485 2634 2550 quocumque

714 2560 1037 2633 ‚beneficio
1067 2560 1191 2623 Dei
1235 2559 1560 2644 contingat
1606 2559 1880 2623 liberari.
1970 2559 2234 2624 Utinam
2281 2564 2633 2631 meminerit

735 2666 891 2749 quia
919 2663 1126 2749 primo
1154 2661 1363 2748 decipi
1384 2661 1855 2726 incommodum
1886 2675 2012 2743 est,
2032 2663 2311 2726 secundo
2341 2666 2635 2748 stultum,

733 2765 926 2831 tertio
955 2778 1163 2850 turpe.
1252 2768 1419 2829 Nam
1451 2776 1512 2827 et
1546 2764 1860 2828 Phoebum
1908 2765 2210 2849 poenituit
2245 2787 2472 2831 munus
2502 2769 2636 2831 sine

730 2867 988 2931 nomine
1044 2869 1316 2953 petitum
1388 2866 1766 2928 concessisse
1823 2864 1920 2927 vel
1984 2864 2148 2928 filio:
2227 2888 2364 2929 sera
2422 2879 2632 2931 tamen

730 2968 1130 3056 poenitentia,
1159 2990 1363 3054 quum
1408 2967 1638 3030 coelum
1685 2989 1872 3030 suum
1922 2965 2284 3029 tradidisset
2313 2968 2635 3034 incautius

735 3070 1185 3158 perurendum.
1279 3070 1346 3134 Si
1377 3070 1627 3133 Eritius
1657 3093 1696 3132 a
1725 3068 1871 3132 sede
1900 3067 2102 3153 ipsius
2131 3067 2390 3132 avulsus
2419 3069 2635 3154 fuerit,

735 3184 984 3258 quaerat
1013 3172 1080 3234 in
1111 3193 1243 3257 quo
1273 3169 1527 3235 mollius
1549 3170 1862 3233 sedeatur.
1922 3167 2196 3232 Oculum
2229 3191 2354 3232 non
2385 3186 2636 3256 quaerat

734 3297 973 3339 caecum
1021 3273 1135 3359 qui
1178 3295 1396 3336 curare
1440 3271 1750 3336 debuerat
1791 3271 2185 3358 lippientem.
2281 3273 2494 3340 Satius
2540 3290 2635 3341 est

738 3390 811 3442 ut
854 3377 1037 3441 vobis
1075 3375 1657 3440 archidiaconatum
1707 3375 1970 3452 tribuat,
2015 3397 2207 3460 quam
2246 3375 2436 3440 alicui
2470 3378 2636 3464 juris

733 3478 959 3564 ignaro
986 3485 1050 3542 e't
1081 3477 1401 3562 religionis
1434 3476 1708 3541 inimico.
1801 3478 1868 3540 Si
1903 3498 2047 3540 cum
2091 3479 2230 3563 ipso
2270 3477 2538 3555 fueritis,
2571 3494 2635 3546 et

735 3579 1027 3665 poteritis
1086 3591 1162 3642 ut
1217 3577 1493 3642 arbitror
1558 3600 1934 3664 praecavere.
2024 3579 2249 3644 Valete
2308 3591 2371 3644 et
2421 3603 2640 3646 omnes

733 3680 953 3746 vestri.

758 3927 1201 3992 EPISTOLA
1245 3926 1677 3991 conv—An
1707 3944 2106 3990 MAGISTRUM
2136 3944 2497 3991 OSBERTUM
2529 3947 2617 3992 DE

1231 4047 1649 4093 FAVRESHAM.
1711 4031 1803 4106 [A.
1826 4049 1886 4093 D.
1925 4027 2144 4108 1168]

997 4166 1180 4227 Idem
1210 4164 1535 4247 Mayistro
1568 4165 1824 4228 osberto
1853 4166 1932 4228 de
1958 4165 2375 4225 Fuisse-sham-

825 4278 1063 4339 LATOR
1104 4273 1513 4358 praesentium
1554 4273 1846 4338 alumnus
1885 4285 2039 4337 tuus
2067 4285 2183 4349 est,
2215 4265 2319 4337 nu*

737 4376 885 4440 leris
930 4374 1289 4451 subvenire,
1343 4387 1556 4440 notam
1604 4373 2083 4460 ingratitudinis
2131 4373 2237 4437 inc
2280 4410 2281 4413 κ
