<?xml version="1.0" encoding="UTF-8"?>
<!DOCTYPE html PUBLIC "-//W3C//DTD XHTML 1.0 Transitional//EN"
    "http://www.w3.org/TR/xhtml1/DTD/xhtml1-transitional.dtd">
<html xmlns="http://www.w3.org/1999/xhtml" xml:lang="en" lang="en">
 <head>
  <title>
</title>
<meta http-equiv="Content-Type" content="text/html;charset=utf-8" />
  <meta name='ocr-system' content='tesseract 3.04.00' />
  <meta name='ocr-capabilities' content='ocr_page ocr_carea ocr_par ocr_line ocrx_word'/>
</head>
<body>
  <div class='ocr_page' id='page_1' title='image "./joannissaresber05johngoog_0181.png"; bbox 0 0 3384 5525; ppageno 0'>
   <div class='ocr_carea' id='block_1_1' title="bbox 273 780 1215 858">
    <p class='ocr_par' dir='ltr' id='par_1_1' title="bbox 273 780 1215 858">
     <span class='ocr_line' id='line_1_1' title="bbox 273 780 1215 858; baseline 0.003 -16"><span class='ocrx_word' id='word_1_1' title='bbox 273 780 383 858; x_wconf 88' lang='grc'><strong>1168.]</strong></span> <span class='ocrx_word' id='word_1_2' title='bbox 661 799 839 843; x_wconf 74' lang='lat' dir='ltr'><strong>smsronn.</strong></span> <span class='ocrx_word' id='word_1_3' title='bbox 1156 787 1215 845; x_wconf 81' lang='grc'><strong>163</strong></span> 
     </span>
    </p>
   </div>
   <div class='ocr_carea' id='block_1_2' title="bbox 214 947 1215 2769">
    <p class='ocr_par' dir='ltr' id='par_1_2' title="bbox 214 947 1215 2769">
     <span class='ocr_line' id='line_1_2' title="bbox 265 947 1215 1036; baseline 0 -23"><span class='ocrx_word' id='word_1_4' title='bbox 265 961 297 1013; x_wconf 91' lang='lat' dir='ltr'><strong>et</strong></span> <span class='ocrx_word' id='word_1_5' title='bbox 310 948 382 1013; x_wconf 90' lang='lat' dir='ltr'><strong>aliis</strong></span> <span class='ocrx_word' id='word_1_6' title='bbox 397 947 563 1035; x_wconf 76' lang='lat' dir='ltr'><strong>discipulis</strong></span> <span class='ocrx_word' id='word_1_7' title='bbox 580 948 703 1012; x_wconf 89' lang='lat' dir='ltr'><strong>diutius</strong></span> <span class='ocrx_word' id='word_1_8' title='bbox 718 949 865 1014; x_wconf 90' lang='lat' dir='ltr'><strong>laborans</strong></span> <span class='ocrx_word' id='word_1_9' title='bbox 889 950 919 1012; x_wconf 89' lang='lat' dir='ltr'><strong>in</strong></span> <span class='ocrx_word' id='word_1_10' title='bbox 936 950 1131 1034; x_wconf 82' lang='lat' dir='ltr'><strong>remigando,</strong></span> <span class='ocrx_word' id='word_1_11' title='bbox 1147 952 1215 1036; x_wconf 90' lang='lat' dir='ltr'><strong>jam</strong></span> 
     </span>
     <span class='ocr_line' id='line_1_3' title="bbox 262 1051 1214 1138; baseline -0.001 -23"><span class='ocrx_word' id='word_1_12' title='bbox 262 1073 320 1138; x_wconf 91' lang='lat' dir='ltr'><strong>per</strong></span> <span class='ocrx_word' id='word_1_13' title='bbox 333 1051 472 1136; x_wconf 81' lang='lat' dir='ltr'><strong>gratiam</strong></span> <span class='ocrx_word' id='word_1_14' title='bbox 488 1052 550 1115; x_wconf 90' lang='lat' dir='ltr'><strong>Dei</strong></span> <span class='ocrx_word' id='word_1_15' title='bbox 570 1051 803 1116; x_wconf 86' lang='lat' dir='ltr'><strong>detumescente</strong></span> <span class='ocrx_word' id='word_1_16' title='bbox 818 1051 954 1136; x_wconf 91' lang='lat' dir='ltr'><strong>procella</strong></span> <span class='ocrx_word' id='word_1_17' title='bbox 973 1052 1125 1137; x_wconf 84' lang='lat' dir='ltr'><strong>suffragio</strong></span> <span class='ocrx_word' id='word_1_18' title='bbox 1141 1052 1214 1115; x_wconf 87' lang='lat' dir='ltr'><strong>fidei</strong></span> 
     </span>
     <span class='ocr_line' id='line_1_4' title="bbox 263 1153 1214 1239; baseline -0.002 -20"><span class='ocrx_word' id='word_1_19' title='bbox 263 1154 491 1229; x_wconf 83' lang='lat' dir='ltr'><strong>convalescens,</strong></span> <span class='ocrx_word' id='word_1_20' title='bbox 507 1153 671 1218; x_wconf 89' lang='lat' dir='ltr'><strong>ambulare</strong></span> <span class='ocrx_word' id='word_1_21' title='bbox 687 1153 813 1217; x_wconf 81' lang='lat' dir='ltr'><strong>videtur</strong></span> <span class='ocrx_word' id='word_1_22' title='bbox 833 1176 929 1239; x_wconf 91' lang='lat' dir='ltr'><strong>super</strong></span> <span class='ocrx_word' id='word_1_23' title='bbox 943 1176 1044 1239; x_wconf 91' lang='lat' dir='ltr'><strong>aquas</strong></span> <span class='ocrx_word' id='word_1_24' title='bbox 1058 1167 1091 1218; x_wconf 91' lang='lat' dir='ltr'><strong>et</strong></span> <span class='ocrx_word' id='word_1_25' title='bbox 1106 1156 1214 1239; x_wconf 87' lang='lat' dir='ltr'><strong>portui</strong></span> 
     </span>
     <span class='ocr_line' id='line_1_5' title="bbox 262 1253 1215 1342; baseline 0.001 -24"><span class='ocrx_word' id='word_1_26' title='bbox 262 1256 529 1342; x_wconf 89' lang='lat' dir='ltr'><strong>appropinquare,</strong></span> <span class='ocrx_word' id='word_1_27' title='bbox 545 1258 571 1319; x_wconf 93' lang='lat' dir='ltr'><strong>si</strong></span> <span class='ocrx_word' id='word_1_28' title='bbox 586 1254 615 1317; x_wconf 92' lang='lat' dir='ltr'><strong>ei</strong></span> <span class='ocrx_word' id='word_1_29' title='bbox 629 1277 721 1340; x_wconf 89' lang='lat' dir='ltr'><strong>opem</strong></span> <span class='ocrx_word' id='word_1_30' title='bbox 744 1253 924 1330; x_wconf 70' lang='lat' dir='ltr'><strong>contuleris</strong></span> <span class='ocrx_word' id='word_1_31' title='bbox 941 1267 973 1318; x_wconf 92' lang='lat' dir='ltr'><strong>et</strong></span> <span class='ocrx_word' id='word_1_32' title='bbox 992 1253 1084 1339; x_wconf 82' lang='lat' dir='ltr'><strong>quasi</strong></span> <span class='ocrx_word' id='word_1_33' title='bbox 1099 1255 1131 1317; x_wconf 92' lang='lat' dir='ltr'><strong>iu</strong></span> <span class='ocrx_word' id='word_1_34' title='bbox 1153 1267 1215 1319; x_wconf 88' lang='lat' dir='ltr'><strong>ter·</strong></span> 
     </span>
     <span class='ocr_line' id='line_1_6' title="bbox 263 1355 1215 1443; baseline 0 -22"><span class='ocrx_word' id='word_1_35' title='bbox 263 1377 329 1421; x_wconf 87' lang='lat' dir='ltr'><strong>ram</strong></span> <span class='ocrx_word' id='word_1_36' title='bbox 341 1358 520 1443; x_wconf 89' lang='lat' dir='ltr'><strong>projectum</strong></span> <span class='ocrx_word' id='word_1_37' title='bbox 532 1356 792 1443; x_wconf 89' lang='lat' dir='ltr'><strong>apprehenderis:</strong></span> <span class='ocrx_word' id='word_1_38' title='bbox 817 1355 938 1432; x_wconf 83' lang='lat' dir='ltr'><strong>funem,</strong></span> <span class='ocrx_word' id='word_1_39' title='bbox 954 1368 990 1420; x_wconf 91' lang='lat' dir='ltr'><strong>ut</strong></span> <span class='ocrx_word' id='word_1_40' title='bbox 1002 1378 1041 1419; x_wconf 87' lang='lat' dir='ltr'><strong>ex</strong></span> <span class='ocrx_word' id='word_1_41' title='bbox 1057 1358 1215 1422; x_wconf 90' lang='lat' dir='ltr'><strong>conscien-</strong></span> 
     </span>
     <span class='ocr_line' id='line_1_7' title="bbox 263 1455 1214 1544; baseline 0.002 -23"><span class='ocrx_word' id='word_1_42' title='bbox 263 1455 306 1521; x_wconf 88' lang='lat' dir='ltr'><strong>tia</strong></span> <span class='ocrx_word' id='word_1_43' title='bbox 320 1456 446 1543; x_wconf 91' lang='lat' dir='ltr'><strong>loquar,</strong></span> <span class='ocrx_word' id='word_1_44' title='bbox 461 1458 521 1522; x_wconf 92' lang='lat' dir='ltr'><strong>tibi</strong></span> <span class='ocrx_word' id='word_1_45' title='bbox 536 1471 567 1522; x_wconf 91' lang='lat' dir='ltr'><strong>et</strong></span> <span class='ocrx_word' id='word_1_46' title='bbox 584 1459 648 1522; x_wconf 91' lang='lat' dir='ltr'><strong>tuis</strong></span> <span class='ocrx_word' id='word_1_47' title='bbox 668 1458 792 1522; x_wconf 76' lang='lat' dir='ltr'><strong>utiliter</strong></span> <span class='ocrx_word' id='word_1_48' title='bbox 806 1456 999 1544; x_wconf 87' lang='lat' dir='ltr'><strong>providebis.</strong></span> <span class='ocrx_word' id='word_1_49' title='bbox 1045 1458 1140 1531; x_wconf 86' lang='lat' dir='ltr'><strong>Quod</strong></span> <span class='ocrx_word' id='word_1_50' title='bbox 1156 1482 1214 1543; x_wconf 92' lang='lat' dir='ltr'><strong>per</strong></span> 
     </span>
     <span class='ocr_line' id='line_1_8' title="bbox 263 1556 1214 1644; baseline 0.002 -23"><span class='ocrx_word' id='word_1_51' title='bbox 263 1567 294 1621; x_wconf 86' lang='lat' dir='ltr'><strong>te</strong></span> <span class='ocrx_word' id='word_1_52' title='bbox 307 1578 372 1621; x_wconf 91' lang='lat' dir='ltr'><strong>non</strong></span> <span class='ocrx_word' id='word_1_53' title='bbox 391 1571 495 1644; x_wconf 90' lang='lat' dir='ltr'><strong>potes,</strong></span> <span class='ocrx_word' id='word_1_54' title='bbox 510 1559 631 1644; x_wconf 89' lang='lat' dir='ltr'><strong>poteris</strong></span> <span class='ocrx_word' id='word_1_55' title='bbox 652 1558 785 1621; x_wconf 82' lang='lat' dir='ltr'><strong>tortasse</strong></span> <span class='ocrx_word' id='word_1_56' title='bbox 800 1580 857 1643; x_wconf 91' lang='lat' dir='ltr'><strong>per</strong></span> <span class='ocrx_word' id='word_1_57' title='bbox 879 1556 987 1629; x_wconf 88' lang='lat' dir='ltr'><strong>alium,</strong></span> <span class='ocrx_word' id='word_1_58' title='bbox 1003 1570 1036 1621; x_wconf 89' lang='lat' dir='ltr'><strong>et</strong></span> <span class='ocrx_word' id='word_1_59' title='bbox 1058 1558 1101 1621; x_wconf 89' lang='lat' dir='ltr'><strong>sic</strong></span> <span class='ocrx_word' id='word_1_60' title='bbox 1121 1558 1214 1623; x_wconf 90' lang='lat' dir='ltr'><strong>alieni</strong></span> 
     </span>
     <span class='ocr_line' id='line_1_9' title="bbox 214 1655 1214 1746; baseline 0 -25"><span class='ocrx_word' id='word_1_61' title='bbox 214 1697 216 1704; x_wconf 93' lang='lat'>·</span> <span class='ocrx_word' id='word_1_62' title='bbox 262 1658 366 1722; x_wconf 87' lang='lat' dir='ltr'><strong>meriti</strong></span> <span class='ocrx_word' id='word_1_63' title='bbox 381 1658 441 1723; x_wconf 91' lang='lat' dir='ltr'><strong>tibi</strong></span> <span class='ocrx_word' id='word_1_64' title='bbox 456 1658 660 1746; x_wconf 87' lang='lat' dir='ltr'><strong>reputabitur</strong></span> <span class='ocrx_word' id='word_1_65' title='bbox 670 1680 797 1721; x_wconf 91' lang='lat' dir='ltr'><strong>merces.</strong></span> <span class='ocrx_word' id='word_1_66' title='bbox 833 1657 900 1720; x_wconf 92' lang='lat' dir='ltr'><strong>Nec</strong></span> <span class='ocrx_word' id='word_1_67' title='bbox 912 1669 958 1721; x_wconf 89' lang='lat' dir='ltr'><strong>est</strong></span> <span class='ocrx_word' id='word_1_68' title='bbox 976 1669 1012 1720; x_wconf 92' lang='lat' dir='ltr'><strong>ut</strong></span> <span class='ocrx_word' id='word_1_69' title='bbox 1024 1655 1050 1719; x_wconf 94' lang='lat' dir='ltr'><strong>si</strong></span> <span class='ocrx_word' id='word_1_70' title='bbox 1062 1657 1214 1743; x_wconf 90' lang='lat' dir='ltr'><strong>tepueris,</strong></span> 
     </span>
     <span class='ocr_line' id='line_1_10' title="bbox 263 1759 1213 1847; baseline -0.002 -22"><span class='ocrx_word' id='word_1_71' title='bbox 263 1759 360 1824; x_wconf 85' lang='lat' dir='ltr'><strong>utaris</strong></span> <span class='ocrx_word' id='word_1_72' title='bbox 375 1760 504 1847; x_wconf 89' lang='lat' dir='ltr'><strong>publica</strong></span> <span class='ocrx_word' id='word_1_73' title='bbox 523 1760 739 1839; x_wconf 87' lang='lat' dir='ltr'><strong>excusatione,</strong></span> <span class='ocrx_word' id='word_1_74' title='bbox 753 1759 954 1846; x_wconf 78' lang='lat' dir='ltr'><strong>praetendens</strong></span> <span class='ocrx_word' id='word_1_75' title='bbox 974 1771 1111 1823; x_wconf 86' lang='lat' dir='ltr'><strong>metum:</strong></span> <span class='ocrx_word' id='word_1_76' title='bbox 1144 1777 1213 1823; x_wconf 91' lang='lat' dir='ltr'><strong>tum</strong></span> 
     </span>
     <span class='ocr_line' id='line_1_11' title="bbox 264 1861 1214 1949; baseline 0 -23"><span class='ocrx_word' id='word_1_77' title='bbox 264 1865 337 1946; x_wconf 90' lang='lat' dir='ltr'><strong>quia</strong></span> <span class='ocrx_word' id='word_1_78' title='bbox 348 1875 479 1928; x_wconf 90' lang='lat' dir='ltr'><strong>auctore</strong></span> <span class='ocrx_word' id='word_1_79' title='bbox 489 1864 627 1929; x_wconf 91' lang='lat' dir='ltr'><strong>Domino</strong></span> <span class='ocrx_word' id='word_1_80' title='bbox 638 1875 805 1949; x_wconf 88' lang='lat' dir='ltr'><strong>suspectus</strong></span> <span class='ocrx_word' id='word_1_81' title='bbox 814 1884 876 1925; x_wconf 93' lang='lat' dir='ltr'><strong>non</strong></span> <span class='ocrx_word' id='word_1_82' title='bbox 888 1861 1029 1925; x_wconf 90' lang='lat' dir='ltr'><strong>haberis:</strong></span> <span class='ocrx_word' id='word_1_83' title='bbox 1054 1876 1123 1927; x_wconf 90' lang='lat' dir='ltr'><strong>turn</strong></span> <span class='ocrx_word' id='word_1_84' title='bbox 1137 1863 1214 1947; x_wconf 87' lang='lat' dir='ltr'><strong>quia</strong></span> 
     </span>
     <span class='ocr_line' id='line_1_12' title="bbox 263 1963 1214 2050; baseline 0.001 -23"><span class='ocrx_word' id='word_1_85' title='bbox 263 1963 315 2028; x_wconf 90' lang='lat' dir='ltr'><strong>ubi</strong></span> <span class='ocrx_word' id='word_1_86' title='bbox 330 1964 472 2042; x_wconf 89' lang='lat' dir='ltr'><strong>libuerit,</strong></span> <span class='ocrx_word' id='word_1_87' title='bbox 484 1966 607 2033; x_wconf 90' lang='lat' dir='ltr'><strong>licitum</strong></span> <span class='ocrx_word' id='word_1_88' title='bbox 624 1978 672 2030; x_wconf 88' lang='lat' dir='ltr'><strong>est</strong></span> <span class='ocrx_word' id='word_1_89' title='bbox 687 1979 718 2029; x_wconf 92' lang='lat' dir='ltr'><strong>et</strong></span> <span class='ocrx_word' id='word_1_90' title='bbox 734 1964 826 2028; x_wconf 87' lang='lat' dir='ltr'><strong>facile</strong></span> <span class='ocrx_word' id='word_1_91' title='bbox 841 1976 988 2050; x_wconf 91' lang='lat' dir='ltr'><strong>sumptus</strong></span> <span class='ocrx_word' id='word_1_92' title='bbox 1003 1964 1082 2041; x_wconf 88' lang='lat' dir='ltr'><strong>lieri,</strong></span> <span class='ocrx_word' id='word_1_93' title='bbox 1095 1964 1214 2049; x_wconf 92' lang='lat' dir='ltr'><strong>quibus</strong></span> 
     </span>
     <span class='ocr_line' id='line_1_13' title="bbox 263 2051 1214 2148; baseline 0.001 -19"><span class='ocrx_word' id='word_1_94' title='bbox 263 2066 369 2132; x_wconf 91' lang='lat' dir='ltr'><strong>nullus</strong></span> <span class='ocrx_word' id='word_1_95' title='bbox 391 2051 559 2134; x_wconf 86' lang='lat' dir='ltr'><strong>insidiator</strong></span> <span class='ocrx_word' id='word_1_96' title='bbox 580 2072 717 2148; x_wconf 83' lang='lat' dir='ltr'><strong>assistat.</strong></span> <span class='ocrx_word' id='word_1_97' title='bbox 762 2067 796 2133; x_wconf 85' lang='lat' dir='ltr'><strong>Si</strong></span> <span class='ocrx_word' id='word_1_98' title='bbox 820 2067 968 2134; x_wconf 85' lang='lat' dir='ltr'><strong>voluntas</strong></span> <span class='ocrx_word' id='word_1_99' title='bbox 989 2067 1128 2147; x_wconf 85' lang='lat' dir='ltr'><strong>affuerit,</strong></span> <span class='ocrx_word' id='word_1_100' title='bbox 1150 2071 1214 2131; x_wconf 90' lang='lat' dir='ltr'><strong>scio</strong></span> 
     </span>
     <span class='ocr_line' id='line_1_14' title="bbox 265 2168 1212 2245; baseline 0.003 -14"><span class='ocrx_word' id='word_1_101' title='bbox 265 2168 321 2233; x_wconf 87' lang='lat' dir='ltr'><strong>tibi</strong></span> <span class='ocrx_word' id='word_1_102' title='bbox 335 2172 527 2238; x_wconf 90' lang='lat' dir='ltr'><strong>industriam</strong></span> <span class='ocrx_word' id='word_1_103' title='bbox 549 2195 611 2236; x_wconf 91' lang='lat' dir='ltr'><strong>nou</strong></span> <span class='ocrx_word' id='word_1_104' title='bbox 636 2175 752 2236; x_wconf 86' lang='lat' dir='ltr'><strong>deesse.</strong></span> <span class='ocrx_word' id='word_1_105' title='bbox 797 2171 865 2233; x_wconf 93' lang='lat' dir='ltr'><strong>Nec</strong></span> <span class='ocrx_word' id='word_1_106' title='bbox 888 2170 948 2234; x_wconf 91' lang='lat' dir='ltr'><strong>hoc</strong></span> <span class='ocrx_word' id='word_1_107' title='bbox 971 2171 1116 2245; x_wconf 88' lang='lat' dir='ltr'><strong>dixerim,</strong></span> <span class='ocrx_word' id='word_1_108' title='bbox 1133 2170 1212 2234; x_wconf 87' lang='lat' dir='ltr'><strong>vivit</strong></span> 
     </span>
     <span class='ocr_line' id='line_1_15' title="bbox 265 2272 1213 2360; baseline 0.002 -25"><span class='ocrx_word' id='word_1_109' title='bbox 265 2272 433 2355; x_wconf 88' lang='lat' dir='ltr'><strong>Dominus,</strong></span> <span class='ocrx_word' id='word_1_110' title='bbox 442 2288 479 2340; x_wconf 92' lang='lat' dir='ltr'><strong>ut</strong></span> <span class='ocrx_word' id='word_1_111' title='bbox 495 2276 585 2358; x_wconf 92' lang='lat' dir='ltr'><strong>mihi,</strong></span> <span class='ocrx_word' id='word_1_112' title='bbox 595 2276 648 2340; x_wconf 93' lang='lat' dir='ltr'><strong>cui</strong></span> <span class='ocrx_word' id='word_1_113' title='bbox 663 2274 767 2360; x_wconf 86' lang='lat' dir='ltr'><strong>gratia</strong></span> <span class='ocrx_word' id='word_1_114' title='bbox 779 2274 841 2339; x_wconf 89' lang='lat' dir='ltr'><strong>Dei</strong></span> <span class='ocrx_word' id='word_1_115' title='bbox 857 2273 1015 2337; x_wconf 88' lang='lat' dir='ltr'><strong>ministrat</strong></span> <span class='ocrx_word' id='word_1_116' title='bbox 1029 2274 1213 2351; x_wconf 90' lang='lat' dir='ltr'><strong>necessaria,</strong></span> 
     </span>
     <span class='ocr_line' id='line_1_16' title="bbox 263 2369 1213 2462; baseline 0.006 -29"><span class='ocrx_word' id='word_1_117' title='bbox 263 2369 374 2437; x_wconf 87' lang='lat' dir='ltr'><strong>faciam</strong></span> <span class='ocrx_word' id='word_1_118' title='bbox 405 2387 578 2461; x_wconf 84' lang='lat' dir='ltr'><strong>quoestum,</strong></span> <span class='ocrx_word' id='word_1_119' title='bbox 604 2379 661 2460; x_wconf 92' lang='lat' dir='ltr'><strong>qui</strong></span> <span class='ocrx_word' id='word_1_120' title='bbox 689 2376 721 2439; x_wconf 93' lang='lat' dir='ltr'><strong>in</strong></span> <span class='ocrx_word' id='word_1_121' title='bbox 752 2375 874 2439; x_wconf 92' lang='lat' dir='ltr'><strong>ratione</strong></span> <span class='ocrx_word' id='word_1_122' title='bbox 900 2375 1000 2439; x_wconf 87' lang='lat' dir='ltr'><strong>debiti</strong></span> <span class='ocrx_word' id='word_1_123' title='bbox 1030 2389 1062 2440; x_wconf 92' lang='lat' dir='ltr'><strong>et</strong></span> <span class='ocrx_word' id='word_1_124' title='bbox 1091 2376 1213 2462; x_wconf 87' lang='lat' dir='ltr'><strong>accepti</strong></span> 
     </span>
     <span class='ocr_line' id='line_1_17' title="bbox 262 2477 1212 2555; baseline 0.008 -20"><span class='ocrx_word' id='word_1_125' title='bbox 262 2477 456 2541; x_wconf 86' lang='lat' dir='ltr'><strong>nostratibus</strong></span> <span class='ocrx_word' id='word_1_126' title='bbox 480 2478 623 2543; x_wconf 88' lang='lat' dir='ltr'><strong>nondum</strong></span> <span class='ocrx_word' id='word_1_127' title='bbox 650 2478 893 2555; x_wconf 88' lang='lat' dir='ltr'><strong>communicavi,</strong></span> <span class='ocrx_word' id='word_1_128' title='bbox 920 2478 975 2541; x_wconf 87' lang='lat' dir='ltr'><strong>sed</strong></span> <span class='ocrx_word' id='word_1_129' title='bbox 1003 2491 1039 2542; x_wconf 90' lang='lat' dir='ltr'><strong>ut</strong></span> <span class='ocrx_word' id='word_1_130' title='bbox 1065 2478 1212 2543; x_wconf 82' lang='lat' dir='ltr'><strong>fraternae</strong></span> 
     </span>
     <span class='ocr_line' id='line_1_18' title="bbox 262 2574 1212 2665; baseline 0.007 -27"><span class='ocrx_word' id='word_1_131' title='bbox 262 2574 400 2643; x_wconf 72' lang='lat' dir='ltr'><strong>antuus</strong></span> <span class='ocrx_word' id='word_1_132' title='bbox 425 2579 570 2665; x_wconf 85' lang='lat' dir='ltr'><strong>expleam</strong></span> <span class='ocrx_word' id='word_1_133' title='bbox 598 2601 726 2643; x_wconf 90' lang='lat' dir='ltr'><strong>munus.</strong></span> <span class='ocrx_word' id='word_1_134' title='bbox 771 2581 902 2643; x_wconf 88' lang='lat' dir='ltr'><strong>Amicos</strong></span> <span class='ocrx_word' id='word_1_135' title='bbox 927 2581 1010 2643; x_wconf 92' lang='lat' dir='ltr'><strong>enim</strong></span> <span class='ocrx_word' id='word_1_136' title='bbox 1038 2580 1139 2644; x_wconf 91' lang='lat' dir='ltr'><strong>colere</strong></span> <span class='ocrx_word' id='word_1_137' title='bbox 1165 2596 1212 2646; x_wconf 88' lang='lat' dir='ltr'><strong>est</strong></span> 
     </span>
     <span class='ocr_line' id='line_1_19' title="bbox 263 2677 1213 2769; baseline 0.007 -30"><span class='ocrx_word' id='word_1_138' title='bbox 263 2677 368 2760; x_wconf 84' lang='lat' dir='ltr'><strong>satius,</strong></span> <span class='ocrx_word' id='word_1_139' title='bbox 393 2703 490 2767; x_wconf 87' lang='lat' dir='ltr'><strong>quam</strong></span> <span class='ocrx_word' id='word_1_140' title='bbox 521 2704 554 2745; x_wconf 88' lang='lat' dir='ltr'><strong>se</strong></span> <span class='ocrx_word' id='word_1_141' title='bbox 582 2682 614 2745; x_wconf 95' lang='lat' dir='ltr'><strong>in</strong></span> <span class='ocrx_word' id='word_1_142' title='bbox 645 2683 832 2747; x_wconf 89' lang='lat' dir='ltr'><strong>servitutem</strong></span> <span class='ocrx_word' id='word_1_143' title='bbox 862 2683 999 2769; x_wconf 89' lang='lat' dir='ltr'><strong>acceptis</strong></span> <span class='ocrx_word' id='word_1_144' title='bbox 1028 2685 1213 2749; x_wconf 87' lang='lat' dir='ltr'><strong>muneribus</strong></span> 
     </span>
    </p>
   </div>
   <div class='ocr_carea' id='block_1_3' title="bbox 263 2778 578 2868">
    <p class='ocr_par' dir='ltr' id='par_1_3' title="bbox 263 2778 578 2868">
     <span class='ocr_line' id='line_1_20' title="bbox 263 2778 578 2868; baseline 0.022 -26"><span class='ocrx_word' id='word_1_145' title='bbox 263 2778 411 2868; x_wconf 82' lang='lat' dir='ltr'><strong>obligare.</strong></span> <span class='ocrx_word' id='word_1_146' title='bbox 457 2784 578 2850; x_wconf 89' lang='lat' dir='ltr'><strong>Valete.</strong></span> 
     </span>
    </p>
   </div>
   <div class='ocr_carea' id='block_1_4' title="bbox 262 3075 1213 3256">
    <p class='ocr_par' dir='ltr' id='par_1_4' title="bbox 262 3075 1213 3256">
     <span class='ocr_line' id='line_1_21' title="bbox 262 3075 1213 3141; baseline -0.001 -2"><span class='ocrx_word' id='word_1_147' title='bbox 262 3075 482 3141; x_wconf 87' lang='lat' dir='ltr'><strong>EPISTOLA</strong></span> <span class='ocrx_word' id='word_1_148' title='bbox 509 3075 728 3140; x_wconf 66' lang='lat' dir='ltr'><strong>ccum-m</strong></span> <span class='ocrx_word' id='word_1_149' title='bbox 744 3095 926 3140; x_wconf 72' lang='lat' dir='ltr'><strong>uranicum</strong></span> <span class='ocrx_word' id='word_1_150' title='bbox 946 3093 1213 3139; x_wconf 81' lang='lat' dir='ltr'><strong>wrnronrunsun</strong></span> 
     </span>
     <span class='ocr_line' id='line_1_22' title="bbox 278 3176 967 3256; baseline 0 -17"><span class='ocrx_word' id='word_1_151' title='bbox 278 3192 290 3209; x_wconf 93' lang='grc'><strong>··</strong></span> <span class='ocrx_word' id='word_1_152' title='bbox 499 3195 698 3242; x_wconf 73' lang='lat' dir='ltr'><strong>pruscorum.</strong></span> <span class='ocrx_word' id='word_1_153' title='bbox 745 3176 967 3256; x_wconf 78' lang='lat' dir='ltr'><strong>[A.D.1168.]</strong></span> 
     </span>
    </p>
   </div>
   <div class='ocr_carea' id='block_1_5' title="bbox 490 3351 982 3419">
    <p class='ocr_par' dir='ltr' id='par_1_5' title="bbox 490 3351 982 3419">
     <span class='ocr_line' id='line_1_23' title="bbox 490 3351 982 3419; baseline 0.006 -5"><span class='ocrx_word' id='word_1_154' title='bbox 490 3351 575 3414; x_wconf 86' lang='lat' dir='ltr'><strong>Idem</strong></span> <span class='ocrx_word' id='word_1_155' title='bbox 589 3351 738 3417; x_wconf 76' lang='lat' dir='ltr'><strong>chrico</strong></span> <span class='ocrx_word' id='word_1_156' title='bbox 758 3355 982 3419; x_wconf 80' lang='lat' dir='ltr'><strong>Wintonienaa&#39;.</strong></span> 
     </span>
    </p>
   </div>
   <div class='ocr_carea' id='block_1_6' title="bbox 256 3487 1210 4566">
    <p class='ocr_par' dir='ltr' id='par_1_6' title="bbox 256 3487 1210 4478">
     <span class='ocr_line' id='line_1_24' title="bbox 302 3487 1210 3556; baseline -0.003 -1"><span class='ocrx_word' id='word_1_157' title='bbox 302 3491 510 3556; x_wconf 73' lang='lat' dir='ltr'><strong>Sancroaum</strong></span> <span class='ocrx_word' id='word_1_158' title='bbox 552 3487 793 3553; x_wconf 88' lang='lat' dir='ltr'><strong>necessitatibus</strong></span> <span class='ocrx_word' id='word_1_159' title='bbox 833 3488 1066 3554; x_wconf 89' lang='lat' dir='ltr'><strong>communicare</strong></span> <span class='ocrx_word' id='word_1_160' title='bbox 1107 3501 1210 3553; x_wconf 89' lang='lat' dir='ltr'><strong>vestra</strong></span> 
     </span>
     <span class='ocr_line' id='line_1_25' title="bbox 263 3590 1209 3675; baseline 0 -20"><span class='ocrx_word' id='word_1_161' title='bbox 263 3590 496 3675; x_wconf 80' lang='lat' dir='ltr'><strong>magnificentia</strong></span> <span class='ocrx_word' id='word_1_162' title='bbox 516 3591 693 3671; x_wconf 88' lang='lat' dir='ltr'><strong>consuevit,</strong></span> <span class='ocrx_word' id='word_1_163' title='bbox 716 3603 747 3655; x_wconf 90' lang='lat' dir='ltr'><strong>et</strong></span> <span class='ocrx_word' id='word_1_164' title='bbox 762 3590 870 3654; x_wconf 90' lang='lat' dir='ltr'><strong>oculos</strong></span> <span class='ocrx_word' id='word_1_165' title='bbox 885 3592 918 3654; x_wconf 94' lang='lat' dir='ltr'><strong>in</strong></span> <span class='ocrx_word' id='word_1_166' title='bbox 938 3614 1061 3656; x_wconf 90' lang='lat' dir='ltr'><strong>omnem</strong></span> <span class='ocrx_word' id='word_1_167' title='bbox 1079 3605 1209 3657; x_wconf 87' lang='lat' dir='ltr'><strong>ventum</strong></span> 
     </span>
     <span class='ocr_line' id='line_1_26' title="bbox 261 3690 1210 3778; baseline -0.002 -22"><span class='ocrx_word' id='word_1_168' title='bbox 261 3692 459 3778; x_wconf 89' lang='lat' dir='ltr'><strong>providentia</strong></span> <span class='ocrx_word' id='word_1_169' title='bbox 469 3691 681 3758; x_wconf 89' lang='lat' dir='ltr'><strong>circumducit</strong></span> <span class='ocrx_word' id='word_1_170' title='bbox 700 3703 735 3754; x_wconf 92' lang='lat' dir='ltr'><strong>ut</strong></span> <span class='ocrx_word' id='word_1_171' title='bbox 751 3690 957 3755; x_wconf 89' lang='lat' dir='ltr'><strong>beneficentia</strong></span> <span class='ocrx_word' id='word_1_172' title='bbox 972 3691 1087 3775; x_wconf 83' lang='lat' dir='ltr'><strong>dignos</strong></span> <span class='ocrx_word' id='word_1_173' title='bbox 1101 3692 1210 3777; x_wconf 87' lang='lat' dir='ltr'><strong>eligat,</strong></span> 
     </span>
     <span class='ocr_line' id='line_1_27' title="bbox 261 3790 1210 3884; baseline -0.001 -29"><span class='ocrx_word' id='word_1_174' title='bbox 261 3792 379 3857; x_wconf 89' lang='lat' dir='ltr'><strong>reliciat</strong></span> <span class='ocrx_word' id='word_1_175' title='bbox 401 3793 586 3869; x_wconf 89' lang='lat' dir='ltr'><strong>esurientes,</strong></span> <span class='ocrx_word' id='word_1_176' title='bbox 602 3804 633 3855; x_wconf 89' lang='lat' dir='ltr'><strong>et</strong></span> <span class='ocrx_word' id='word_1_177' title='bbox 650 3790 772 3884; x_wconf 76' lang='lat' dir='ltr'><strong>Christi</strong></span> <span class='ocrx_word' id='word_1_178' title='bbox 792 3812 958 3875; x_wconf 88' lang='lat' dir='ltr'><strong>pauperes,</strong></span> <span class='ocrx_word' id='word_1_179' title='bbox 975 3804 1071 3876; x_wconf 90' lang='lat' dir='ltr'><strong>prout</strong></span> <span class='ocrx_word' id='word_1_180' title='bbox 1093 3793 1210 3877; x_wconf 91' lang='lat' dir='ltr'><strong>cuique</strong></span> 
     </span>
     <span class='ocr_line' id='line_1_28' title="bbox 260 3892 1209 3980; baseline 0 -22"><span class='ocrx_word' id='word_1_181' title='bbox 260 3894 407 3980; x_wconf 88' lang='lat' dir='ltr'><strong>expedire</strong></span> <span class='ocrx_word' id='word_1_182' title='bbox 437 3895 632 3980; x_wconf 86' lang='lat' dir='ltr'><strong>cognoverit,</strong></span> <span class='ocrx_word' id='word_1_183' title='bbox 662 3892 850 3957; x_wconf 89' lang='lat' dir='ltr'><strong>consoletur.</strong></span> <span class='ocrx_word' id='word_1_184' title='bbox 906 3897 978 3956; x_wconf 93' lang='lat' dir='ltr'><strong>Non</strong></span> <span class='ocrx_word' id='word_1_185' title='bbox 1009 3894 1091 3957; x_wconf 92' lang='lat' dir='ltr'><strong>enim</strong></span> <span class='ocrx_word' id='word_1_186' title='bbox 1122 3917 1209 3959; x_wconf 93' lang='lat' dir='ltr'><strong>more</strong></span> 
     </span>
     <span class='ocr_line' id='line_1_29' title="bbox 260 3994 1209 4082; baseline 0.002 -24"><span class='ocrx_word' id='word_1_187' title='bbox 260 4009 452 4082; x_wconf 86' lang='lat' dir='ltr'><strong>nugatorum</strong></span> <span class='ocrx_word' id='word_1_188' title='bbox 475 3997 571 4082; x_wconf 92' lang='lat' dir='ltr'><strong>hujus</strong></span> <span class='ocrx_word' id='word_1_189' title='bbox 594 3995 691 4061; x_wconf 89' lang='lat' dir='ltr'><strong>seculi</strong></span> <span class='ocrx_word' id='word_1_190' title='bbox 713 3999 746 4060; x_wconf 91' lang='lat' dir='ltr'><strong>in</strong></span> <span class='ocrx_word' id='word_1_191' title='bbox 776 3994 944 4060; x_wconf 87' lang='lat' dir='ltr'><strong>histriones</strong></span> <span class='ocrx_word' id='word_1_192' title='bbox 973 4008 1005 4060; x_wconf 92' lang='lat' dir='ltr'><strong>et</strong></span> <span class='ocrx_word' id='word_1_193' title='bbox 1029 3999 1152 4074; x_wconf 87' lang='lat' dir='ltr'><strong>mimos,</strong></span> <span class='ocrx_word' id='word_1_194' title='bbox 1176 4008 1209 4060; x_wconf 94' lang='lat' dir='ltr'><strong>et</strong></span> 
     </span>
     <span class='ocr_line' id='line_1_30' title="bbox 259 4095 1208 4185; baseline 0.001 -24"><span class='ocrx_word' id='word_1_195' title='bbox 259 4095 442 4185; x_wconf 87' lang='lat' dir='ltr'><strong>hujusmodi</strong></span> <span class='ocrx_word' id='word_1_196' title='bbox 456 4112 597 4163; x_wconf 90' lang='lat' dir='ltr'><strong>monstra</strong></span> <span class='ocrx_word' id='word_1_197' title='bbox 610 4098 773 4161; x_wconf 93' lang='lat' dir='ltr'><strong>hominum</strong></span> <span class='ocrx_word' id='word_1_198' title='bbox 786 4099 827 4162; x_wconf 96' lang='lat' dir='ltr'><strong>ob</strong></span> <span class='ocrx_word' id='word_1_199' title='bbox 843 4098 936 4162; x_wconf 83' lang='lat' dir='ltr'><strong>famae</strong></span> <span class='ocrx_word' id='word_1_200' title='bbox 947 4098 1208 4183; x_wconf 89' lang='lat' dir='ltr'><strong>redemptionem,</strong></span> 
     </span>
     <span class='ocr_line' id='line_1_31' title="bbox 260 4199 1207 4287; baseline 0.003 -27"><span class='ocrx_word' id='word_1_201' title='bbox 260 4211 290 4262; x_wconf 91' lang='lat' dir='ltr'><strong>et</strong></span> <span class='ocrx_word' id='word_1_202' title='bbox 314 4199 498 4264; x_wconf 84' lang='lat' dir='ltr'><strong>dilationem</strong></span> <span class='ocrx_word' id='word_1_203' title='bbox 525 4199 661 4264; x_wconf 91' lang='lat' dir='ltr'><strong>nominis</strong></span> <span class='ocrx_word' id='word_1_204' title='bbox 686 4200 851 4265; x_wconf 85' lang='lat' dir='ltr'><strong>effunditis</strong></span> <span class='ocrx_word' id='word_1_205' title='bbox 879 4223 954 4287; x_wconf 89' lang='lat' dir='ltr'><strong>opes</strong></span> <span class='ocrx_word' id='word_1_206' title='bbox 980 4212 1116 4264; x_wconf 88' lang='lat' dir='ltr'><strong>vestras:</strong></span> <span class='ocrx_word' id='word_1_207' title='bbox 1153 4200 1207 4264; x_wconf 92' lang='lat' dir='ltr'><strong>sed</strong></span> 
     </span>
     <span class='ocr_line' id='line_1_32' title="bbox 257 4299 1208 4386; baseline 0.003 -25"><span class='ocrx_word' id='word_1_208' title='bbox 257 4299 341 4386; x_wconf 92' lang='lat' dir='ltr'><strong>apud</strong></span> <span class='ocrx_word' id='word_1_209' title='bbox 353 4323 407 4364; x_wconf 89' lang='lat' dir='ltr'><strong>eos</strong></span> <span class='ocrx_word' id='word_1_210' title='bbox 422 4301 613 4385; x_wconf 84' lang='lat' dir='ltr'><strong>prudentius</strong></span> <span class='ocrx_word' id='word_1_211' title='bbox 624 4314 655 4366; x_wconf 88' lang='lat' dir='ltr'><strong>et</strong></span> <span class='ocrx_word' id='word_1_212' title='bbox 672 4300 830 4366; x_wconf 91' lang='lat' dir='ltr'><strong>salubrius</strong></span> <span class='ocrx_word' id='word_1_213' title='bbox 842 4302 1012 4380; x_wconf 87' lang='lat' dir='ltr'><strong>collocatis,</strong></span> <span class='ocrx_word' id='word_1_214' title='bbox 1023 4305 1080 4386; x_wconf 92' lang='lat' dir='ltr'><strong>qui</strong></span> <span class='ocrx_word' id='word_1_215' title='bbox 1096 4303 1208 4365; x_wconf 91' lang='lat' dir='ltr'><strong>timent</strong></span> 
     </span>
     <span class='ocr_line' id='line_1_33' title="bbox 256 4400 1209 4478; baseline 0.002 -17"><span class='ocrx_word' id='word_1_216' title='bbox 256 4412 285 4463; x_wconf 88' lang='lat' dir='ltr'><strong>et</strong></span> <span class='ocrx_word' id='word_1_217' title='bbox 299 4400 449 4466; x_wconf 89' lang='lat' dir='ltr'><strong>invocant</strong></span> <span class='ocrx_word' id='word_1_218' title='bbox 465 4424 578 4466; x_wconf 90' lang='lat' dir='ltr'><strong>nomen</strong></span> <span class='ocrx_word' id='word_1_219' title='bbox 595 4403 735 4478; x_wconf 88' lang='lat' dir='ltr'><strong>Domini,</strong></span> <span class='ocrx_word' id='word_1_220' title='bbox 752 4405 869 4466; x_wconf 88' lang='lat' dir='ltr'><strong>amicos</strong></span> <span class='ocrx_word' id='word_1_221' title='bbox 884 4402 915 4464; x_wconf 90' lang='lat' dir='ltr'><strong>in</strong></span> <span class='ocrx_word' id='word_1_222' title='bbox 933 4414 1049 4465; x_wconf 85' lang='lat' dir='ltr'><strong>aeterna</strong></span> <span class='ocrx_word' id='word_1_223' title='bbox 1065 4403 1209 4464; x_wconf 81' lang='lat' dir='ltr'><strong>taberna-</strong></span> 
     </span>
    </p>

    <p class='ocr_par' dir='ltr' id='par_1_7' title="bbox 699 4509 762 4566">
     <span class='ocr_line' id='line_1_34' title="bbox 699 4509 762 4566; baseline -0.032 0"><span class='ocrx_word' id='word_1_224' title='bbox 699 4509 762 4566; x_wconf 68' lang='grc' dir='ltr'><strong>ΜΞ</strong></span> 
     </span>
    </p>
   </div>
   <div class='ocr_carea' id='block_1_7' title="bbox 0 0 1696 5525">
    <p class='ocr_par' dir='ltr' id='par_1_8' title="bbox 0 0 1696 5525">
     <span class='ocr_line' id='line_1_35' title="bbox 0 0 1696 5525; baseline 0 1"><span class='ocrx_word' id='word_1_225' title='bbox 0 0 1696 5525; x_wconf 95' lang='lat' dir='ltr'><strong> </strong></span> 
     </span>
    </p>
   </div>
  </div>
 </body>
</html>
