3384 5525
376 763 484 842 llas]
762 779 936 823 aristosa.
1266 771 1326 829 159

368 931 523 995 viaticum
548 927 670 992 itineris
695 940 727 992 et
750 930 880 993 naulum
910 930 1006 994 seculi
1028 931 1175 1011 contulit,
1197 934 1322 998 confido

366 1055 449 1118 quos
464 1034 498 1096 iu
514 1031 611 1097 exilio
629 1044 661 1095 et
682 1032 912 1117 proscriptione
931 1033 1045 1118 reperi,
1066 1035 1231 1120 provenire
1253 1058 1322 1100 suc-

368 1159 485 1201 cessus.
532 1136 614 1199 Nam
638 1148 668 1199 et
692 1135 759 1220 ipse
774 1135 840 1198 fere
863 1135 1009 1214 moriens,
1026 1149 1063 1199 ut
1085 1138 1113 1200 ei
1136 1160 1218 1202 nunc
1234 1138 1320 1225 quod

367 1238 528 1324 inspector
549 1251 581 1301 et
599 1237 703 1324 judex
725 1237 868 1300 cordium
890 1238 989 1318 novit,
1004 1239 1151 1304 fictitium
1168 1242 1247 1305 nihil
1261 1242 1321 1305 im·
1409 1239 1413 1261 ¹

369 1362 498 1426 ponam,
514 1361 564 1403 me
579 1339 734 1403 consolari
750 1339 837 1404 nisus
854 1352 900 1403 est
917 1341 1088 1405 exhortans
1103 1343 1266 1428 quatinus,
1283 1357 1319 1408 ut

368 1441 502 1528 coepisse
517 1441 659 1520 videbar,
673 1442 705 1504 in
721 1440 813 1505 cultu
836 1442 1010 1506 honestatis
1026 1456 1058 1506 et
1072 1443 1201 1508 virtutis
1216 1467 1321 1529 perse·

367 1566 523 1620 vetarem,
538 1555 571 1607 et
585 1542 681 1629 capiti
702 1565 772 1605 meo
792 1565 922 1606 manum
945 1546 1121 1629 imponens,
1137 1544 1212 1609 data
1227 1547 1320 1611 bene-

367 1646 508 1711 dictione
538 1669 587 1710 me
617 1646 769 1733 praecepit
799 1645 916 1709 habere
944 1645 1106 1723 fiduciam,
1132 1649 1321 1731 promittens

368 1747 456 1835 quod
483 1748 509 1811 si
531 1768 784 1833 perseveravero,
808 1758 940 1811 eatenus
963 1747 1040 1809 mihi
1063 1746 1203 1833 proderit
1227 1749 1324 1813 bene.

368 1849 479 1926 dictio,
492 1865 528 1913 ut
543 1871 719 1934 numquam
731 1847 1028 1934 opportunitatibus
1037 1849 1116 1913 meis
1128 1849 1208 1913 desit
1220 1851 1324 1934 gratia

367 1951 438 2015 Dei.
485 1952 559 2036 Ego
574 1962 681 2014 autem
694 1948 785 2034 quasi
800 1949 841 2011 de
856 1947 971 2012 collata
981 1949 1166 2013 haereditate
1182 1973 1323 2033 securus,

367 2066 398 2119 et
422 2053 462 2117 de
486 2056 567 2118 tanti
589 2056 689 2139 patris
712 2050 873 2115 conlidens
897 2051 1026 2129 meritis,
1047 2050 1153 2114 adlruc
1175 2075 1267 2138 spero
1289 2068 1320 2119 et

365 2156 490 2243 jugiter
505 2156 650 2242 sperabo,
666 2177 717 2218 me
739 2166 834 2240 prout
851 2154 952 2217 merui
967 2154 1069 2240 ipsum
1086 2154 1202 2219 habere
1216 2169 1322 2242 patro-

369 2281 447 2321 num
470 2258 558 2344 apud
581 2262 699 2335 Deum,
715 2270 747 2321 et
762 2278 819 2341 per
836 2257 895 2318 hoc
914 2256 1050 2339 gratiam
1071 2258 1140 2341 ejus
1160 2256 1236 2320 mihi
1257 2281 1319 2322 non

367 2360 562 2425 defuturam.
611 2359 704 2426 Unde
726 2381 777 2422 me
792 2357 883 2421 vobis
898 2370 929 2421 et
945 2359 1057 2421 vestris
1081 2359 1124 2423 sic
1145 2360 1319 2425 obnoxium

366 2465 471 2530 fateor
487 2478 523 2529 ut
538 2464 628 2529 vobis
638 2466 670 2527 in
683 2463 831 2528 omnibus
846 2463 992 2526 assistere
1007 2462 1150 2538 debeam,
1164 2476 1321 2549 quatenus

367 2580 504 2632 vestram
521 2580 552 2631 et
569 2589 669 2630 meam
686 2566 826 2631 decuerit
843 2565 1048 2629 honestatem.
1095 2568 1221 2630 Teneor
1235 2568 1319 2631 euim

367 2670 481 2733 honori
503 2680 609 2733 vestro
630 2681 662 2733 et
685 2667 858 2732 commodis
880 2668 1055 2753 providere,
1079 2681 1111 2733 et
1134 2674 1320 2756 propulsare

364 2772 575 2838 incommoda.
620 2772 665 2835 Et
690 2770 766 2856 quia
790 2771 857 2834 haec
885 2770 961 2833 mihi
988 2770 1029 2834 ad
1060 2794 1199 2856 praesens
1224 2795 1319 2835 causa

365 2874 430 2939 fuit
455 2871 625 2948 scribendi,
651 2874 679 2936 si
704 2870 902 2934 credideritis
928 2869 1090 2955 expedire,
1114 2870 1191 2933 mihi
1222 2884 1319 2956 prout

362 2978 490 3064 justum
505 2987 565 3052 est,
581 2974 676 3037 fidem
692 2973 845 3037 habeatis.
893 2974 973 3035 Nam
990 2972 1022 3034 in
1039 2971 1100 3035 lide
1116 2993 1212 3056 quam
1228 2972 1319 3036 fratri

365 3090 472 3142 vestro
500 3077 613 3156 debeo,
641 3099 681 3139 ex
711 3076 807 3139 animi
838 3074 1030 3138 conscientia
1055 3073 1202 3148 fideliter,
1229 3075 1319 3138 vobis

366 3179 489 3245 utiliter
504 3178 628 3264 loquor.
659 3178 818 3242 Dominus
833 3191 865 3242 et
880 3190 971 3263 pater
984 3188 1087 3240 vester
1101 3199 1159 3262 pro
1174 3177 1319 3242 libertate

364 3280 515 3357 ecclesiae,
528 3292 560 3344 et
574 3302 669 3343 causa
681 3280 743 3343 Dei
759 3278 833 3343 exul
850 3291 897 3343 est
908 3290 939 3342 et
950 3278 1156 3364 proscriptus,
1169 3291 1201 3343 et
1209 3279 1320 3344 multis

365 3382 553 3446 coexulibus
578 3393 740 3444 oneratur.
788 3379 820 3442 si
846 3380 874 3442 ei
902 3379 1124 3457 subveneritis,
1149 3392 1181 3444 et
1203 3380 1320 3444 consci-
1426 3455 1428 3459 y

364 3487 483 3550 entiam
495 3483 681 3558 liberabitis,
694 3495 725 3546 et
736 3504 837 3568 quum
854 3480 989 3544 liberum
1006 3480 1115 3556 fuerit,
1127 3503 1200 3566 quae
1215 3484 1319 3569 cujus-

366 3609 429 3672 que
450 3587 514 3650 sint
535 3608 632 3671 opera
654 3584 826 3660 declarare,
842 3582 1018 3669 expedietis
1038 3583 1166 3659 famam,
1182 3596 1214 3647 et
1230 3585 1320 3648 vobis

364 3701 398 3752 et
413 3688 526 3752 vestris
542 3687 741 3773 prospicietis
756 3686 788 3748 in
804 3699 979 3770 posterum.
1026 3684 1087 3747 Sed
1103 3684 1186 3747 forte
1201 3684 1319 3749 timetis

364 3813 484 3876 regem,
498 3802 553 3853 aut
576 3788 776 3876 praetenditis
797 3799 1029 3871 paupertatem,
1047 3798 1078 3849 et
1098 3808 1193 3849 onera
1214 3789 1320 3872 gentis

363 3907 490 3957 vestrae.
536 3893 632 3955 Certe
660 3893 749 3954 Deus
774 3903 821 3952 est
847 3887 966 3951 homini
990 3887 1227 3972 praetimendus.
1273 3891 1318 3955 Et

363 4007 512 4079 sumptus
534 3991 653 4055 multos
673 3991 777 4054 facitis
799 4004 916 4074 praeter
938 3989 1159 4052 conscientiam
1181 3993 1265 4075 regis
1287 4006 1319 4056 et

363 4119 505 4171 suorum,
535 4097 633 4158 immo
663 4105 694 4157 et
725 4092 929 4156 familiarium
959 4104 1148 4156 vestrorum.
1205 4094 1320 4157 Nescio

362 4197 445 4260 enim
473 4197 551 4283 quid
582 4197 622 4259 de
652 4198 800 4281 episcopo
829 4197 973 4269 sentiam,
998 4196 1088 4279 cujus
1118 4193 1250 4257 dextera
1278 4196 1318 4258 ad

363 4319 522 4383 pauperes
538 4318 598 4359 non
621 4294 804 4358 extenditur
825 4294 990 4378 ignorante
1012 4293 1148 4368 sinistra,
1171 4310 1202 4357 et
1226 4295 1319 4377 cujus

361 4401 468 4462 omnia
483 4421 581 4484 opera
596 4397 684 4482 vulgi
702 4397 861 4480 praeconio
877 4395 1093 4457 celebrantur:
1112 4394 1136 4455 si
1153 4415 1209 4456 vos
1227 4409 1318 4476 urget
