3384 5525
369 775 474 853 tlon]
755 791 933 836 sersroee.
1282 780 1323 840 45

364 946 452 1029 parit
466 944 501 1006 in
523 944 773 1027 persequutione
788 945 933 1007 Jezabel.
978 943 1143 1028 Quicquid
1159 955 1265 1008 autem
1288 947 1321 1008 irr

364 1047 515 1110 alterutra
524 1056 612 1128 perte
623 1045 777 1121 feceritiS,
786 1043 1001 1127 proculdubio
1013 1066 1193 1109 mensuram
1202 1048 1321 1109 bonam

366 1159 399 1211 et
408 1146 692 1228 supereffluentem
702 1146 736 1208 in
746 1146 835 1209 sinus
846 1157 965 1210 vestros
973 1147 1122 1211 refundet
1130 1148 1323 1211 Altissimus.

365 1248 481 1331 Neque
495 1247 560 1310 hoc
575 1247 630 1309 ille
646 1246 801 1330 impediet
817 1257 920 1310 vester
940 1249 1065 1329 collega
1080 1249 1321 1326 Bathoniensis,

366 1350 421 1433 qui
435 1349 562 1413 utinam
582 1350 802 1431 submergatur
816 1350 848 1410 in
864 1349 977 1413 turmis
1000 1350 1119 1433 quibus
1135 1349 1250 1431 dignus
1266 1361 1324 1426 est,

367 1473 447 1535 quas
470 1449 599 1526 meruit,
613 1463 649 1512 ut
668 1449 861 1533 conjiciatur
882 1450 914 1511 in
938 1450 1132 1524 rutefolium,
1148 1450 1240 1535 cujus
1261 1450 1331 1513 Pe:

366 1552 488 1615 tronius
508 1552 541 1614 in
564 1572 695 1633 poenam
716 1551 973 1634 delinquentium
993 1553 1151 1630 meminit,
1165 1567 1220 1616 aut
1235 1573 1325 1635 sope-

365 1655 462 1717 liatur
476 1654 513 1715 in
528 1652 678 1715 salinario
691 1653 892 1717 Heduorum.
924 1654 971 1717 Ut
986 1652 1027 1715 ad
1042 1654 1227 1737 parabolam
1239 1663 1325 1716 tuam

366 1756 509 1833 redeam,
524 1756 608 1817 scias
624 1755 698 1838 quia
712 1755 844 1819 nomina
864 1756 1018 1818 librorum
1033 1756 1119 1839 apud
1134 1777 1185 1818 me
1201 1755 1327 1837 sepulta

369 1867 456 1921 sunt.
503 1856 650 1937 Sigillum
674 1857 804 1940 quidem
819 1858 951 1921 nomine
967 1870 1022 1921 tuo
1038 1859 1155 1941 recepi,
1172 1856 1229 1920 sed
1245 1855 1325 1918 illud

366 1959 446 2022 mihi
463 1968 539 2022 tuus
554 1958 686 2021 abstulit
706 1958 914 2033 Britonellus,
931 1957 1019 2043 quod
1041 1981 1082 2022 ex
1104 1959 1255 2024 condicto
1271 1967 1326 2021 tuo

364 2061 485 2124 sactum
502 2060 704 2143 suspicabor,
719 2061 781 2124 nisi
797 2062 940 2125 ablatum
955 2062 1138 2126 restitueris.

452 2414 675 2479 EPISTOLA
698 2414 907 2479 OCVL-an
922 2434 952 2476 o.
970 2433 1013 2478 ne
1030 2432 1238 2477 savnnsnsu.

741 2515 785 2600 [A.
797 2534 830 2579 n.
849 2515 959 2593 tlon]

623 2698 659 2760 0.
675 2699 716 2761 de
730 2697 966 2760 Faverenoltem
980 2698 1070 2760 milli.

412 2864 569 2924 Anrnrrs
592 2873 651 2939 est,
668 2883 734 2925 non
757 2860 894 2924 amantis
914 2881 949 2922 se
972 2872 1004 2922 et
1022 2881 1080 2922 sua
1103 2881 1214 2923 curare
1237 2859 1328 2923 dum·

372 2976 471 3041 taxat,
489 2972 521 3026 et
537 2985 609 3046 quae
630 2963 762 3026 aliorum
777 2972 852 3025 sunt
872 2960 990 3023 ducere
1006 2958 1127 3021 aliena:
1154 2959 1328 3021 humanum

372 3078 452 3129 teste
476 3067 602 3129 comico
624 3065 705 3128 nihil
728 3065 842 3129 caritas
866 3086 886 3127 a
900 3085 934 3126 se
958 3069 1086 3144 reputat
1107 3061 1257 3136 alienum,
1273 3060 1330 3123 sed

368 3188 425 3249 per
440 3167 746 3248 congratulationem
763 3177 848 3230 recte
872 3163 1085 3246 gaudentibus
1106 3162 1207 3240 adest,
1222 3174 1254 3225 et
1273 3183 1331 3245 per

373 3269 632 3352 compassionem
656 3267 839 3332 dolentibus
862 3264 1083 3346 congemiscit.
1123 3265 1206 3328 Sues
1220 3275 1328 3328 tamen

370 3370 558 3434 affectiones
589 3369 824 3433 ordinatissima
849 3368 971 3431 ratione
1001 3366 1175 3449 dispensat,
1202 3375 1238 3428 ut
1267 3366 1331 3427 sint

370 3493 483 3535 omnes
505 3471 539 3533 in
555 3471 708 3541 Domino,
724 3481 757 3533 et
778 3469 986 3531 humanitatis
1009 3468 1113 3530 officia
1132 3467 1167 3530 in
1187 3467 1331 3548 singulos

367 3574 438 3654 lege
463 3582 587 3635 naturae
610 3582 641 3634 et
663 3570 781 3652 gratias
803 3568 1003 3631 informantis
1024 3567 1126 3648 magis
1149 3568 1331 3630 autminus

370 3683 510 3737 exercet.
549 3673 595 3734 Et
610 3694 710 3755 quum
725 3671 885 3734 beneficio
900 3671 1008 3751 gratiae
1024 3670 1145 3731 latioris
1161 3668 1201 3731 ad
1218 3690 1330 3731 omnes

370 3775 522 3858 porrigat,
534 3774 675 3836 maxime
691 3784 796 3835 tamen
813 3771 963 3833 dilatatur
976 3770 1017 3832 ad
1035 3768 1228 3833 domesticos
1245 3767 1332 3845 fidei,

369 3873 536 3957 etjudicio
551 3872 621 3956 ejus
632 3872 665 3934 in
677 3872 727 3934 bis
736 3871 816 3955 ipsis
827 3871 883 3954 qui
893 3891 1001 3933 curam
1012 3890 1142 3931 suorum
1152 3880 1184 3931 et
1193 3869 1332 3932 maxime

371 3975 633 4050 domesticorum,
656 3994 740 4056 quos
763 3972 894 4035 affectui
917 3982 1031 4033 natura
1050 3970 1178 4053 ingerit,
1202 3980 1234 4032 et
1257 3968 1332 4032 fidei

370 4074 567 4139 consortium
583 4074 695 4158 pietati
710 4071 925 4148 commendat,
937 4093 1045 4135 curam
1060 4092 1125 4133 non
1142 4072 1216 4152 agit,
1235 4071 1331 4134 fidem

370 4176 511 4258 negavit,
525 4183 558 4238 et
573 4186 623 4237 est
637 4172 761 4236 infideli
774 4172 919 4235 deterior.
950 4172 998 4234 Te
1014 4183 1120 4235 autern
1137 4171 1169 4232 in
1186 4171 1246 4234 hac
1263 4191 1333 4233 esse

372 4278 530 4342 sententia
543 4276 675 4338 omnino
688 4295 751 4337 non
768 4274 907 4354 ambigo,
919 4283 954 4335 ut
966 4294 1024 4355 pro
1035 4284 1149 4356 nepote
1163 4283 1218 4334 tuo
1230 4269 1333 4333 Adam

373 4381 475 4458 (more
492 4376 713 4453 scholarium)
729 4374 865 4456 degente
889 4387 921 4436 et
941 4373 1080 4456 patiente
1103 4383 1135 4435 et
1149 4380 1278 4451 regente
1300 4370 1334 4431 in
