3384 5525
493 799 552 856 114
756 809 894 854 torturus
910 808 1189 855 ssuasaanmnsrs
1354 794 1400 875 [a.
1418 810 1448 855 n.

512 1078 732 1141 EPlSTOLA
757 1078 1063 1143 CCXXXIX.-ru
1078 1095 1261 1140 maurusam
1278 1095 1424 1140 moravi-

685 1198 798 1243 susan
816 1199 1013 1243 arrscoauu.
1042 1178 1087 1258 [s.
1100 1198 1131 1242 u.
1152 1178 1261 1258 1168]

492 1340 618 1403 Joanni
632 1341 835 1402 Pictaviensi
851 1340 1015 1423 Episcopo
1031 1338 1172 1402 Ioannes
1190 1338 1449 1403 Soresberiertsrs.

537 1477 721 1543 POSTQUAM
746 1475 867 1558 priores
891 1474 998 1537 literas
1029 1493 1243 1550 exaraveram,
1270 1495 1354 1537 nova
1382 1471 1448 1537 haee

493 1578 588 1644 nobis
605 1580 830 1640 innotuerunt.
884 1578 982 1639 Hunc
1007 1576 1154 1638 feceruut
1184 1576 1322 1639 fructum
1353 1576 1449 1638 litere

495 1682 618 1746 domini
639 1700 732 1763 papoe
747 1679 940 1742 transmissae
957 1678 1023 1757 regi
1039 1679 1176 1760 Angliae,
1193 1676 1282 1761 quod
1296 1678 1451 1760 Magister

495 1781 668 1857 Gerardus,
679 1801 824 1842 reversus
836 1779 984 1854 Colonia,
996 1777 1126 1841 domino
1143 1800 1201 1841 suo
1219 1778 1452 1856 cantuariensi,

495 1885 548 1967 qui
570 1904 643 1945 euru
669 1882 821 1943 clericum
847 1881 935 1958 fecit,
957 1892 988 1943 et
1013 1881 1151 1963 prirnum
1178 1880 1377 1943 beneficium
1403 1900 1451 1944 ee-.

495 1982 709 2047 clesiasticum
727 1981 756 2042 ei
774 1982 920 2057 contulit,
931 2002 991 2044 uec
1010 1981 1075 2044 viso
1090 2001 1149 2044 nee
1165 1982 1314 2056 salutato,
1329 1980 1452 2044 transiit

496 2085 539 2148 ad
559 2104 665 2164 regem
685 2083 820 2163 Angliae,
837 2084 931 2167 eique
951 2081 1136 2146 fidelitatem
1153 2083 1242 2161 lecit,
1255 2093 1289 2146 et
1308 2083 1453 2166 praestitit

492 2186 710 2268 juramentum
732 2182 818 2266 quod
840 2184 905 2262 elii,
928 2196 960 2246 et
983 2183 1126 2247 sdhaeret
1147 2184 1255 2261 curiae,
1271 2184 1406 2262 electus,
1420 2195 1453 2246 ut

499 2286 598 2360 aiunt,
624 2285 655 2345 iu
688 2286 830 2367 pugilem
862 2297 971 2349 contra
1000 2306 1172 2368 pauperes,
1197 2296 1230 2348 et
1257 2287 1454 2369 proscriptos

498 2385 627 2451 Christi.
674 2389 782 2449 Abbas
803 2387 913 2449 Sancti
931 2388 1100 2468 Augustini
1122 2387 1206 2450 dixit
1221 2386 1353 2451 domino
1369 2389 1453 2451 Gan·

498 2487 598 2565 fredo,
628 2488 685 2570 qui
720 2487 778 2550 fuit
812 2489 913 2551 abbas
942 2488 1164 2564 Clarae-vallis,
1196 2488 1285 2572 quod
1319 2490 1390 2573 ipse
1424 2498 1454 2551 et

499 2590 578 2652 socii
603 2590 651 2652 sui
675 2590 754 2652 nihil
780 2590 942 2668 dixerunt,
965 2602 1019 2653 aut
1043 2591 1184 2655 fecerunt
1209 2591 1244 2653 iu
1271 2592 1371 2669 curia,
1394 2589 1454 2653 uisi

500 2692 539 2757 de
555 2693 764 2757 instructione
784 2693 1005 2772 cardinalium,
1020 2706 1053 2757 et
1068 2693 1163 2757 etiam
1181 2694 1456 2769 comminationes,

501 2819 579 2880 quas
601 2797 702 2859 factas
726 2794 854 2873 audisti,
878 2795 1020 2858 feceruut
1043 2793 1112 2857 fieri
1134 2797 1279 2859 Joannes
1302 2795 1454 2878 Neapoli·

498 2910 592 2961 tanus
607 2907 639 2960 et
653 2897 794 2959 Joaunes
811 2896 1000 2959 Sanctorum
1020 2896 1155 2959 Joannis
1172 2906 1205 2958 et
1220 2895 1323 2959 Pauli.
1362 2895 1454 2958 Dixit

499 2999 604 3075 etiam,
621 2997 709 3083 quod
733 2997 882 3060 domiuus
904 2998 1089 3061 Portuensis
1106 2998 1191 3080 juvit
1213 2998 1354 3062 nuncios
1374 2998 1454 3080 regis

500 3103 534 3163 in
555 3101 654 3165 literis
676 3100 893 3183 impetrandis.
939 3102 1014 3183 lpse
1034 3121 1163 3184 quoque
1186 3122 1244 3163 rex
1267 3100 1354 3164 dixit
1375 3101 1454 3184 epis-

503 3221 585 3282 copo
607 3202 823 3280 Wigornensi,
841 3200 926 3284 quod
948 3200 1028 3284 ipse,
1043 3211 1075 3265 et
1098 3202 1153 3265 alii
1177 3202 1323 3284 episcopi
1346 3222 1456 3265 omnes

502 3302 644 3382 exempti
681 3311 754 3363 sunt
791 3323 810 3363 a
850 3311 1005 3384 potestate
1047 3302 1168 3366 domini
1204 3303 1456 3367 Cantuariensis.

503 3402 723 3483 Praecepitque
747 3423 812 3462 non
839 3402 949 3465 timere
980 3404 1083 3466 minas
1108 3405 1242 3488 aliquas,
1268 3404 1345 3488 quia
1369 3425 1453 3467 nunc

503 3502 667 3564 dominum
701 3521 827 3584 papam,
857 3514 889 3567 et
924 3525 1033 3567 omnes
1072 3505 1250 3568 cardinales
1288 3506 1385 3569 habet
1420 3505 1453 3568 in

503 3606 599 3666 bursa
623 3624 690 3664 sua.
741 3602 893 3686 Adeoque
923 3606 1085 3687 gloriatur,
1109 3617 1144 3670 ut
1173 3607 1278 3690 palam
1309 3606 1397 3671 dicut
1424 3627 1456 3669 se

503 3728 588 3768 nunc
606 3704 731 3768 demum
750 3707 800 3768 avi
812 3707 861 3769 sui
880 3717 1114 3791 consequutum
1125 3708 1338 3793 privilegium,
1352 3708 1409 3793 qui
1422 3709 1455 3770 in

504 3820 584 3870 terra
614 3830 671 3871 sua
700 3819 766 3870 erat
789 3830 858 3885 rea,
883 3811 1006 3890 legatus
1034 3810 1241 3894 apostolicus,
1267 3811 1457 3894 patriarcha,

503 3911 681 3993 imperator,
698 3924 729 3971 et
748 3912 856 3974 omnia
878 3933 949 3994 quae
966 3913 1101 3975 volebat.
1146 3913 1191 3975 Et
1213 3912 1292 3989 fere,
1308 3911 1396 3995 quod
1416 3911 1456 3975 ad

503 4012 672 4074 ecclesiam
688 4012 878 4088 Romanum,
894 4014 1061 4094 probabile
1076 4023 1125 4076 est
1140 4012 1228 4095 quod
1249 4011 1347 4076 dicit:
1372 4009 1455 4084 Quid

502 4111 587 4172 enim
600 4110 629 4172 ei
642 4109 778 4192 amplius
795 4113 982 4175 contulisset
998 4113 1204 4189 Octavianus,
1214 4112 1263 4174 vel
1276 4111 1457 4178 Oremensis

501 4204 736 4272 heresiarcha?
767 4207 856 4282 Quid
872 4212 958 4274 aliud
976 4213 1128 4277 fecissent
1143 4211 1324 4276 cardinales
1340 4232 1454 4288 eorum,

500 4334 594 4394 quam
621 4312 745 4396 praefati
775 4313 822 4374 illi
854 4314 989 4391 domini,
1021 4316 1077 4400 qui
1107 4325 1308 4378 exacuerunt
1333 4315 1455 4398 linguas

500 4416 687 4498 Anglurum‚
708 4425 741 4478 et
761 4415 870 4497 ignem
894 4426 928 4477 et
947 4439 1106 4480 venenum
1129 4417 1274 4482 lecerunt
1297 4435 1452 4492 evomere,
