<?xml version="1.0" encoding="UTF-8"?>
<!DOCTYPE html PUBLIC "-//W3C//DTD XHTML 1.0 Transitional//EN"
    "http://www.w3.org/TR/xhtml1/DTD/xhtml1-transitional.dtd">
<html xmlns="http://www.w3.org/1999/xhtml" xml:lang="en" lang="en">
 <head>
  <title>
</title>
<meta http-equiv="Content-Type" content="text/html;charset=utf-8" />
  <meta name='ocr-system' content='tesseract 3.04.00' />
  <meta name='ocr-capabilities' content='ocr_page ocr_carea ocr_par ocr_line ocrx_word'/>
</head>
<body>
  <div class='ocr_page' id='page_1' title='image "./joannissaresber05johngoog_0248.png"; bbox 0 0 3384 5525; ppageno 0'>
   <div class='ocr_carea' id='block_1_1' title="bbox 382 806 1335 885">
    <p class='ocr_par' dir='ltr' id='par_1_1' title="bbox 382 806 1335 885">
     <span class='ocr_line' id='line_1_1' title="bbox 382 806 1335 885; baseline 0.004 -18"><span class='ocrx_word' id='word_1_1' title='bbox 382 806 492 885; x_wconf 73' lang='lat' dir='ltr'>iliu]</span> <span class='ocrx_word' id='word_1_2' title='bbox 745 824 924 869; x_wconf 76' lang='lat' dir='ltr'>nmsronn.</span> <span class='ocrx_word' id='word_1_3' title='bbox 1272 814 1335 872; x_wconf 68' lang='lat'>229</span> 
     </span>
    </p>
   </div>
   <div class='ocr_carea' id='block_1_2' title="bbox 360 973 1343 4300">
    <p class='ocr_par' dir='ltr' id='par_1_2' title="bbox 360 973 1343 3871">
     <span class='ocr_line' id='line_1_2' title="bbox 366 973 1332 1058; baseline 0.002 -21"><span class='ocrx_word' id='word_1_4' title='bbox 366 973 525 1038; x_wconf 85' lang='lat' dir='ltr'>incedens</span> <span class='ocrx_word' id='word_1_5' title='bbox 547 973 698 1058; x_wconf 90' lang='lat' dir='ltr'>episcopo</span> <span class='ocrx_word' id='word_1_6' title='bbox 715 973 856 1057; x_wconf 91' lang='lat' dir='ltr'>Sagiensi</span> <span class='ocrx_word' id='word_1_7' title='bbox 879 986 911 1037; x_wconf 92' lang='lat' dir='ltr'>et</span> <span class='ocrx_word' id='word_1_8' title='bbox 929 974 1097 1038; x_wconf 88' lang='lat' dir='ltr'>archidiac.</span> <span class='ocrx_word' id='word_1_9' title='bbox 1114 977 1265 1040; x_wconf 86' lang='lat' dir='ltr'>Cantuar.</span> <span class='ocrx_word' id='word_1_10' title='bbox 1282 999 1332 1039; x_wconf 90' lang='lat' dir='ltr'>oc-</span> 
     </span>
     <span class='ocr_line' id='line_1_3' title="bbox 373 1073 1332 1161; baseline 0.003 -24"><span class='ocrx_word' id='word_1_11' title='bbox 373 1087 528 1138; x_wconf 83' lang='lat' dir='ltr'>curreret.</span> <span class='ocrx_word' id='word_1_12' title='bbox 575 1073 637 1137; x_wconf 88' lang='lat' dir='ltr'>Sed</span> <span class='ocrx_word' id='word_1_13' title='bbox 659 1085 819 1159; x_wconf 89' lang='lat' dir='ltr'>quatenus</span> <span class='ocrx_word' id='word_1_14' title='bbox 838 1075 1023 1161; x_wconf 89' lang='lat' dir='ltr'>episcopum</span> <span class='ocrx_word' id='word_1_15' title='bbox 1044 1076 1141 1139; x_wconf 89' lang='lat' dir='ltr'>verba</span> <span class='ocrx_word' id='word_1_16' title='bbox 1160 1089 1192 1140; x_wconf 93' lang='lat' dir='ltr'>et</span> <span class='ocrx_word' id='word_1_17' title='bbox 1216 1075 1332 1141; x_wconf 86' lang='lat' dir='ltr'>litterae</span> 
     </span>
     <span class='ocr_line' id='line_1_4' title="bbox 374 1173 1333 1263; baseline 0.002 -25"><span class='ocrx_word' id='word_1_18' title='bbox 374 1189 491 1239; x_wconf 87' lang='lat' dir='ltr'>vestrae</span> <span class='ocrx_word' id='word_1_19' title='bbox 505 1173 661 1258; x_wconf 84' lang='lat' dir='ltr'>obligent,</span> <span class='ocrx_word' id='word_1_20' title='bbox 677 1175 790 1238; x_wconf 90' lang='lat' dir='ltr'>melius</span> <span class='ocrx_word' id='word_1_21' title='bbox 804 1175 919 1239; x_wconf 92' lang='lat' dir='ltr'>nostis:</span> <span class='ocrx_word' id='word_1_22' title='bbox 941 1189 973 1240; x_wconf 91' lang='lat' dir='ltr'>et</span> <span class='ocrx_word' id='word_1_23' title='bbox 988 1178 1056 1263; x_wconf 91' lang='lat' dir='ltr'>ipse</span> <span class='ocrx_word' id='word_1_24' title='bbox 1071 1176 1180 1241; x_wconf 85' lang='lat' dir='ltr'>recolit</span> <span class='ocrx_word' id='word_1_25' title='bbox 1194 1177 1333 1262; x_wconf 88' lang='lat' dir='ltr'><strong>qualiter</strong></span> 
     </span>
     <span class='ocr_line' id='line_1_5' title="bbox 368 1277 1333 1366; baseline 0.002 -25"><span class='ocrx_word' id='word_1_26' title='bbox 368 1278 517 1363; x_wconf 83' lang='lat' dir='ltr'>ejusdem</span> <span class='ocrx_word' id='word_1_27' title='bbox 547 1278 687 1364; x_wconf 87' lang='lat' dir='ltr'><strong>episcopi</strong></span> <span class='ocrx_word' id='word_1_28' title='bbox 711 1277 835 1355; x_wconf 85' lang='lat' dir='ltr'>litteris,</span> <span class='ocrx_word' id='word_1_29' title='bbox 859 1290 891 1341; x_wconf 89' lang='lat' dir='ltr'>et</span> <span class='ocrx_word' id='word_1_30' title='bbox 913 1278 1047 1341; x_wconf 87' lang='lat' dir='ltr'>aliorum</span> <span class='ocrx_word' id='word_1_31' title='bbox 1074 1279 1205 1343; x_wconf 91' lang='lat' dir='ltr'>consilio</span> <span class='ocrx_word' id='word_1_32' title='bbox 1230 1303 1333 1366; x_wconf 87' lang='lat' dir='ltr'><strong>nuper</strong></span> 
     </span>
     <span class='ocr_line' id='line_1_6' title="bbox 372 1378 1332 1459; baseline 0.002 -16"><span class='ocrx_word' id='word_1_33' title='bbox 372 1378 506 1444; x_wconf 91' lang='lat' dir='ltr'>delusus</span> <span class='ocrx_word' id='word_1_34' title='bbox 528 1379 580 1454; x_wconf 88' lang='lat' dir='ltr'>sit,</span> <span class='ocrx_word' id='word_1_35' title='bbox 604 1391 642 1443; x_wconf 94' lang='lat' dir='ltr'>ut</span> <span class='ocrx_word' id='word_1_36' title='bbox 666 1380 766 1443; x_wconf 89' lang='lat' dir='ltr'>socios</span> <span class='ocrx_word' id='word_1_37' title='bbox 787 1393 987 1459; x_wconf 82' lang='lat' dir='ltr'><strong>convocaret,</strong></span> <span class='ocrx_word' id='word_1_38' title='bbox 1001 1393 1034 1444; x_wconf 90' lang='lat' dir='ltr'>et</span> <span class='ocrx_word' id='word_1_39' title='bbox 1049 1382 1154 1445; x_wconf 88' lang='lat' dir='ltr'>varias</span> <span class='ocrx_word' id='word_1_40' title='bbox 1175 1382 1332 1446; x_wconf 79' lang='lat' dir='ltr'>inutiliter</span> 
     </span>
     <span class='ocr_line' id='line_1_7' title="bbox 372 1481 1331 1568; baseline 0.001 -22"><span class='ocrx_word' id='word_1_41' title='bbox 372 1494 561 1568; x_wconf 87' lang='lat' dir='ltr'>procuraret</span> <span class='ocrx_word' id='word_1_42' title='bbox 576 1503 741 1566; x_wconf 87' lang='lat' dir='ltr'>expensas.</span> <span class='ocrx_word' id='word_1_43' title='bbox 787 1482 870 1544; x_wconf 94' lang='lat' dir='ltr'>Nam</span> <span class='ocrx_word' id='word_1_44' title='bbox 887 1481 927 1545; x_wconf 89' lang='lat' dir='ltr'>ad</span> <span class='ocrx_word' id='word_1_45' title='bbox 948 1482 1009 1546; x_wconf 87' lang='lat' dir='ltr'>iter</span> <span class='ocrx_word' id='word_1_46' title='bbox 1029 1486 1189 1547; x_wconf 91' lang='lat' dir='ltr'>accinctus</span> <span class='ocrx_word' id='word_1_47' title='bbox 1204 1496 1282 1559; x_wconf 86' lang='lat' dir='ltr'>erat,</span> <span class='ocrx_word' id='word_1_48' title='bbox 1299 1497 1331 1547; x_wconf 87' lang='lat' dir='ltr'>et</span> 
     </span>
     <span class='ocr_line' id='line_1_8' title="bbox 371 1582 1327 1670; baseline 0.001 -23"><span class='ocrx_word' id='word_1_49' title='bbox 371 1584 566 1667; x_wconf 78' lang='lat' dir='ltr'>fatigaverat</span> <span class='ocrx_word' id='word_1_50' title='bbox 588 1583 716 1663; x_wconf 89' lang='lat' dir='ltr'>multos,</span> <span class='ocrx_word' id='word_1_51' title='bbox 731 1605 833 1670; x_wconf 92' lang='lat' dir='ltr'>quum</span> <span class='ocrx_word' id='word_1_52' title='bbox 854 1583 957 1667; x_wconf 91' lang='lat' dir='ltr'>ipsum</span> <span class='ocrx_word' id='word_1_53' title='bbox 974 1583 1059 1646; x_wconf 87' lang='lat' dir='ltr'>fama</span> <span class='ocrx_word' id='word_1_54' title='bbox 1074 1582 1226 1667; x_wconf 85' lang='lat' dir='ltr'>vulgante</span> <span class='ocrx_word' id='word_1_55' title='bbox 1246 1585 1327 1649; x_wconf 92' lang='lat' dir='ltr'>didi-</span> 
     </span>
     <span class='ocr_line' id='line_1_9' title="bbox 366 1682 1330 1766; baseline 0 -19"><span class='ocrx_word' id='word_1_56' title='bbox 366 1682 417 1747; x_wconf 89' lang='lat' dir='ltr'>·cit</span> <span class='ocrx_word' id='word_1_57' title='bbox 432 1683 466 1746; x_wconf 92' lang='lat' dir='ltr'>in</span> <span class='ocrx_word' id='word_1_58' title='bbox 484 1683 711 1747; x_wconf 88' lang='lat' dir='ltr'>Normanuiam</span> <span class='ocrx_word' id='word_1_59' title='bbox 723 1682 855 1746; x_wconf 85' lang='lat' dir='ltr'>redisse:</span> <span class='ocrx_word' id='word_1_60' title='bbox 878 1682 1032 1746; x_wconf 90' lang='lat' dir='ltr'>incertum</span> <span class='ocrx_word' id='word_1_61' title='bbox 1046 1705 1084 1746; x_wconf 85' lang='lat' dir='ltr'>an</span> <span class='ocrx_word' id='word_1_62' title='bbox 1101 1682 1218 1766; x_wconf 89' lang='lat' dir='ltr'>dignus</span> <span class='ocrx_word' id='word_1_63' title='bbox 1233 1684 1330 1749; x_wconf 87' lang='lat' dir='ltr'>habe-</span> 
     </span>
     <span class='ocr_line' id='line_1_10' title="bbox 364 1783 1330 1870; baseline 0.001 -23"><span class='ocrx_word' id='word_1_64' title='bbox 364 1797 463 1849; x_wconf 90' lang='lat' dir='ltr'>·retur</span> <span class='ocrx_word' id='word_1_65' title='bbox 479 1788 537 1870; x_wconf 92' lang='lat' dir='ltr'>qui</span> <span class='ocrx_word' id='word_1_66' title='bbox 552 1784 666 1849; x_wconf 85' lang='lat' dir='ltr'>litteris</span> <span class='ocrx_word' id='word_1_67' title='bbox 680 1783 810 1847; x_wconf 88' lang='lat' dir='ltr'>deberet</span> <span class='ocrx_word' id='word_1_68' title='bbox 821 1795 879 1846; x_wconf 90' lang='lat' dir='ltr'>aut</span> <span class='ocrx_word' id='word_1_69' title='bbox 891 1783 1007 1846; x_wconf 91' lang='lat' dir='ltr'>nuncio</span> <span class='ocrx_word' id='word_1_70' title='bbox 1021 1784 1219 1869; x_wconf 72' lang='lat' dir='ltr'>praemoneri.</span> <span class='ocrx_word' id='word_1_71' title='bbox 1252 1787 1330 1848; x_wconf 89' lang='lat' dir='ltr'>For-</span> 
     </span>
     <span class='ocr_line' id='line_1_11' title="bbox 374 1884 1330 1970; baseline 0.001 -21"><span class='ocrx_word' id='word_1_72' title='bbox 374 1899 461 1950; x_wconf 88' lang='lat' dir='ltr'>tasse</span> <span class='ocrx_word' id='word_1_73' title='bbox 476 1886 618 1950; x_wconf 87' lang='lat' dir='ltr'>ecclesioe</span> <span class='ocrx_word' id='word_1_74' title='bbox 637 1885 800 1970; x_wconf 88' lang='lat' dir='ltr'>negotium</span> <span class='ocrx_word' id='word_1_75' title='bbox 822 1884 903 1948; x_wconf 91' lang='lat' dir='ltr'>adeo</span> <span class='ocrx_word' id='word_1_76' title='bbox 923 1885 1044 1949; x_wconf 88' lang='lat' dir='ltr'>humile</span> <span class='ocrx_word' id='word_1_77' title='bbox 1064 1899 1123 1961; x_wconf 90' lang='lat' dir='ltr'>est,</span> <span class='ocrx_word' id='word_1_78' title='bbox 1139 1898 1175 1950; x_wconf 91' lang='lat' dir='ltr'>ut</span> <span class='ocrx_word' id='word_1_79' title='bbox 1194 1887 1330 1950; x_wconf 92' lang='lat' dir='ltr'>nonnisi</span> 
     </span>
     <span class='ocr_line' id='line_1_12' title="bbox 369 1983 1330 2063; baseline 0.003 -14"><span class='ocrx_word' id='word_1_80' title='bbox 369 1986 415 2050; x_wconf 84' lang='lat' dir='ltr'>&#39;de</span> <span class='ocrx_word' id='word_1_81' title='bbox 430 1986 528 2051; x_wconf 88' lang='lat' dir='ltr'>latere</span> <span class='ocrx_word' id='word_1_82' title='bbox 542 1999 573 2051; x_wconf 90' lang='lat' dir='ltr'>et</span> <span class='ocrx_word' id='word_1_83' title='bbox 594 2010 635 2049; x_wconf 84' lang='lat' dir='ltr'>ex</span> <span class='ocrx_word' id='word_1_84' title='bbox 658 1983 813 2050; x_wconf 89' lang='lat' dir='ltr'>accidenti</span> <span class='ocrx_word' id='word_1_85' title='bbox 836 1985 965 2049; x_wconf 89' lang='lat' dir='ltr'>tractari</span> <span class='ocrx_word' id='word_1_86' title='bbox 983 1985 1109 2063; x_wconf 87' lang='lat' dir='ltr'>debeat,</span> <span class='ocrx_word' id='word_1_87' title='bbox 1124 1998 1155 2050; x_wconf 88' lang='lat' dir='ltr'>et</span> <span class='ocrx_word' id='word_1_88' title='bbox 1171 1998 1330 2051; x_wconf 86' lang='lat' dir='ltr'>transcur-</span> 
     </span>
     <span class='ocr_line' id='line_1_13' title="bbox 371 2085 1330 2174; baseline 0.002 -23"><span class='ocrx_word' id='word_1_89' title='bbox 371 2087 521 2153; x_wconf 75' lang='lat' dir='ltr'>rentibus</span> <span class='ocrx_word' id='word_1_90' title='bbox 536 2087 624 2173; x_wconf 89' lang='lat' dir='ltr'>tangi</span> <span class='ocrx_word' id='word_1_91' title='bbox 639 2086 747 2172; x_wconf 91' lang='lat' dir='ltr'>potius</span> <span class='ocrx_word' id='word_1_92' title='bbox 762 2108 858 2171; x_wconf 91' lang='lat' dir='ltr'>quam</span> <span class='ocrx_word' id='word_1_93' title='bbox 874 2085 1005 2171; x_wconf 86' lang='lat' dir='ltr'>expleri.</span> <span class='ocrx_word' id='word_1_94' title='bbox 1052 2086 1114 2150; x_wconf 88' lang='lat' dir='ltr'>Sed</span> <span class='ocrx_word' id='word_1_95' title='bbox 1136 2087 1330 2174; x_wconf 89' lang='lat' dir='ltr'>quicumque</span> 
     </span>
     <span class='ocr_line' id='line_1_14' title="bbox 367 2187 1330 2275; baseline 0.003 -24"><span class='ocrx_word' id='word_1_96' title='bbox 367 2211 528 2275; x_wconf 89' lang='lat' dir='ltr'>personas</span> <span class='ocrx_word' id='word_1_97' title='bbox 542 2211 617 2274; x_wconf 83' lang='lat' dir='ltr'>quae</span> <span class='ocrx_word' id='word_1_98' title='bbox 639 2188 815 2274; x_wconf 88' lang='lat' dir='ltr'>plurimum</span> <span class='ocrx_word' id='word_1_99' title='bbox 836 2187 919 2253; x_wconf 85' lang='lat' dir='ltr'>laesae</span> <span class='ocrx_word' id='word_1_100' title='bbox 941 2199 1028 2264; x_wconf 90' lang='lat' dir='ltr'>sunt,</span> <span class='ocrx_word' id='word_1_101' title='bbox 1043 2187 1188 2274; x_wconf 87' lang='lat' dir='ltr'>despicit,</span> <span class='ocrx_word' id='word_1_102' title='bbox 1204 2212 1330 2254; x_wconf 88' lang='lat' dir='ltr'>causam</span> 
     </span>
     <span class='ocr_line' id='line_1_15' title="bbox 374 2287 1329 2374; baseline 0.001 -20"><span class='ocrx_word' id='word_1_103' title='bbox 374 2290 556 2355; x_wconf 90' lang='lat' dir='ltr'>meminerit</span> <span class='ocrx_word' id='word_1_104' title='bbox 571 2312 637 2353; x_wconf 89' lang='lat' dir='ltr'>esse</span> <span class='ocrx_word' id='word_1_105' title='bbox 650 2289 783 2368; x_wconf 87' lang='lat' dir='ltr'>Christi,</span> <span class='ocrx_word' id='word_1_106' title='bbox 794 2287 851 2373; x_wconf 91' lang='lat' dir='ltr'>qui</span> <span class='ocrx_word' id='word_1_107' title='bbox 867 2289 1047 2374; x_wconf 86' lang='lat' dir='ltr'>comprimit</span> <span class='ocrx_word' id='word_1_108' title='bbox 1058 2289 1208 2354; x_wconf 90' lang='lat' dir='ltr'>elationes</span> <span class='ocrx_word' id='word_1_109' title='bbox 1224 2292 1329 2369; x_wconf 88' lang='lat' dir='ltr'>maris,</span> 
     </span>
     <span class='ocr_line' id='line_1_16' title="bbox 361 2389 1332 2477; baseline 0.002 -22"><span class='ocrx_word' id='word_1_110' title='bbox 361 2405 408 2456; x_wconf 80' lang='lat' dir='ltr'>&#39;et</span> <span class='ocrx_word' id='word_1_111' title='bbox 432 2413 492 2477; x_wconf 88' lang='lat' dir='ltr'>pro</span> <span class='ocrx_word' id='word_1_112' title='bbox 515 2390 649 2456; x_wconf 90' lang='lat' dir='ltr'>arbitrio</span> <span class='ocrx_word' id='word_1_113' title='bbox 680 2413 738 2453; x_wconf 93' lang='lat' dir='ltr'>suo</span> <span class='ocrx_word' id='word_1_114' title='bbox 767 2401 962 2476; x_wconf 90' lang='lat' dir='ltr'>potestatum</span> <span class='ocrx_word' id='word_1_115' title='bbox 994 2389 1154 2476; x_wconf 89' lang='lat' dir='ltr'>dispensat</span> <span class='ocrx_word' id='word_1_116' title='bbox 1181 2391 1332 2458; x_wconf 87' lang='lat' dir='ltr'>habenas.</span> 
     </span>
     <span class='ocr_line' id='line_1_17' title="bbox 375 2491 1330 2580; baseline 0.002 -23"><span class='ocrx_word' id='word_1_117' title='bbox 375 2494 452 2580; x_wconf 91' lang='lat' dir='ltr'>Ipse</span> <span class='ocrx_word' id='word_1_118' title='bbox 483 2494 636 2558; x_wconf 86' lang='lat' dir='ltr'>Cantuar.</span> <span class='ocrx_word' id='word_1_119' title='bbox 666 2491 805 2556; x_wconf 81' lang='lat' dir='ltr'>ecclesiae</span> <span class='ocrx_word' id='word_1_120' title='bbox 834 2504 989 2577; x_wconf 88' lang='lat' dir='ltr'>patronus</span> <span class='ocrx_word' id='word_1_121' title='bbox 1017 2505 1078 2572; x_wconf 89' lang='lat' dir='ltr'>est,</span> <span class='ocrx_word' id='word_1_122' title='bbox 1101 2507 1133 2557; x_wconf 90' lang='lat' dir='ltr'>et</span> <span class='ocrx_word' id='word_1_123' title='bbox 1163 2493 1330 2580; x_wconf 88' lang='lat' dir='ltr'>inspirabit</span> 
     </span>
     <span class='ocr_line' id='line_1_18' title="bbox 373 2593 1331 2678; baseline 0.003 -20"><span class='ocrx_word' id='word_1_124' title='bbox 373 2594 481 2659; x_wconf 90' lang='lat' dir='ltr'>animo</span> <span class='ocrx_word' id='word_1_125' title='bbox 496 2594 616 2658; x_wconf 94' lang='lat' dir='ltr'>domini</span> <span class='ocrx_word' id='word_1_126' title='bbox 639 2595 736 2678; x_wconf 89' lang='lat' dir='ltr'>regis,</span> <span class='ocrx_word' id='word_1_127' title='bbox 755 2607 791 2659; x_wconf 91' lang='lat' dir='ltr'>ut</span> <span class='ocrx_word' id='word_1_128' title='bbox 811 2593 966 2657; x_wconf 90' lang='lat' dir='ltr'>divinitus</span> <span class='ocrx_word' id='word_1_129' title='bbox 988 2593 1143 2658; x_wconf 89' lang='lat' dir='ltr'>indultam</span> <span class='ocrx_word' id='word_1_130' title='bbox 1161 2596 1222 2660; x_wconf 92' lang='lat' dir='ltr'>sibi</span> <span class='ocrx_word' id='word_1_131' title='bbox 1236 2596 1331 2660; x_wconf 91' lang='lat' dir='ltr'>licen-</span> 
     </span>
     <span class='ocr_line' id='line_1_19' title="bbox 373 2695 1330 2783; baseline 0.001 -23"><span class='ocrx_word' id='word_1_132' title='bbox 373 2697 452 2760; x_wconf 90' lang='lat' dir='ltr'>tiam</span> <span class='ocrx_word' id='word_1_133' title='bbox 468 2695 663 2774; x_wconf 90' lang='lat' dir='ltr'>moderetur,</span> <span class='ocrx_word' id='word_1_134' title='bbox 678 2718 735 2759; x_wconf 88' lang='lat' dir='ltr'>nec</span> <span class='ocrx_word' id='word_1_135' title='bbox 750 2717 819 2757; x_wconf 93' lang='lat' dir='ltr'>eam</span> <span class='ocrx_word' id='word_1_136' title='bbox 835 2717 910 2781; x_wconf 85' lang='lat' dir='ltr'>quae</span> <span class='ocrx_word' id='word_1_137' title='bbox 925 2695 1000 2759; x_wconf 89' lang='lat' dir='ltr'>satis</span> <span class='ocrx_word' id='word_1_138' title='bbox 1014 2707 1046 2759; x_wconf 89' lang='lat' dir='ltr'>et</span> <span class='ocrx_word' id='word_1_139' title='bbox 1061 2717 1158 2783; x_wconf 91' lang='lat' dir='ltr'>supra</span> <span class='ocrx_word' id='word_1_140' title='bbox 1172 2710 1204 2761; x_wconf 90' lang='lat' dir='ltr'>et</span> <span class='ocrx_word' id='word_1_141' title='bbox 1219 2712 1330 2761; x_wconf 90' lang='lat' dir='ltr'>contra</span> 
     </span>
     <span class='ocr_line' id='line_1_20' title="bbox 360 2795 1328 2883; baseline 0 -21"><span class='ocrx_word' id='word_1_142' title='bbox 360 2799 423 2862; x_wconf 77' lang='lat' dir='ltr'>&#39;‘ias</span> <span class='ocrx_word' id='word_1_143' title='bbox 436 2812 470 2863; x_wconf 91' lang='lat' dir='ltr'>et</span> <span class='ocrx_word' id='word_1_144' title='bbox 484 2797 615 2861; x_wconf 92' lang='lat' dir='ltr'>modum</span> <span class='ocrx_word' id='word_1_145' title='bbox 639 2797 740 2882; x_wconf 89' lang='lat' dir='ltr'>gratis</span> <span class='ocrx_word' id='word_1_146' title='bbox 761 2795 879 2860; x_wconf 88' lang='lat' dir='ltr'>afflicta</span> <span class='ocrx_word' id='word_1_147' title='bbox 900 2810 960 2874; x_wconf 89' lang='lat' dir='ltr'>est,</span> <span class='ocrx_word' id='word_1_148' title='bbox 975 2810 1007 2861; x_wconf 94' lang='lat' dir='ltr'>et</span> <span class='ocrx_word' id='word_1_149' title='bbox 1023 2809 1086 2861; x_wconf 88' lang='lat' dir='ltr'>tam</span> <span class='ocrx_word' id='word_1_150' title='bbox 1103 2798 1207 2882; x_wconf 91' lang='lat' dir='ltr'>ipsum</span> <span class='ocrx_word' id='word_1_151' title='bbox 1231 2822 1328 2883; x_wconf 88' lang='lat' dir='ltr'>quam</span> 
     </span>
     <span class='ocr_line' id='line_1_21' title="bbox 368 2899 1343 2984; baseline 0.001 -20"><span class='ocrx_word' id='word_1_152' title='bbox 368 2911 586 2964; x_wconf 88' lang='lat' dir='ltr'>&#39;antecessores</span> <span class='ocrx_word' id='word_1_153' title='bbox 601 2921 675 2963; x_wconf 92' lang='lat' dir='ltr'>suos</span> <span class='ocrx_word' id='word_1_154' title='bbox 697 2912 850 2984; x_wconf 90' lang='lat' dir='ltr'>tanquam</span> <span class='ocrx_word' id='word_1_155' title='bbox 866 2899 920 2983; x_wconf 88' lang='lat' dir='ltr'>pia</span> <span class='ocrx_word' id='word_1_156' title='bbox 935 2910 1036 2962; x_wconf 89' lang='lat' dir='ltr'>mater</span> <span class='ocrx_word' id='word_1_157' title='bbox 1051 2899 1221 2983; x_wconf 90' lang='lat' dir='ltr'>promovit,</span> <span class='ocrx_word' id='word_1_158' title='bbox 1236 2900 1343 2974; x_wconf 68' lang='lat' dir='ltr'>aluit.</span> 
     </span>
     <span class='ocr_line' id='line_1_22' title="bbox 372 2997 1331 3086; baseline 0.001 -23"><span class='ocrx_word' id='word_1_159' title='bbox 372 3011 406 3065; x_wconf 94' lang='lat' dir='ltr'>et</span> <span class='ocrx_word' id='word_1_160' title='bbox 432 2999 584 3086; x_wconf 87' lang='lat' dir='ltr'>protexit,</span> <span class='ocrx_word' id='word_1_161' title='bbox 611 2999 732 3083; x_wconf 88' lang='lat' dir='ltr'>affligat</span> <span class='ocrx_word' id='word_1_162' title='bbox 758 2997 905 3083; x_wconf 89' lang='lat' dir='ltr'>amplius.</span> <span class='ocrx_word' id='word_1_163' title='bbox 954 2997 1131 3082; x_wconf 89' lang='lat' dir='ltr'>Sapientior</span> <span class='ocrx_word' id='word_1_164' title='bbox 1160 2999 1242 3062; x_wconf 91' lang='lat' dir='ltr'>enim</span> <span class='ocrx_word' id='word_1_165' title='bbox 1269 3015 1331 3080; x_wconf 90' lang='lat' dir='ltr'>est,</span> 
     </span>
     <span class='ocr_line' id='line_1_23' title="bbox 364 3096 1329 3186; baseline 0 -22"><span class='ocrx_word' id='word_1_166' title='bbox 364 3109 472 3186; x_wconf 79' lang='lat' dir='ltr'>&#39;&#39;quam</span> <span class='ocrx_word' id='word_1_167' title='bbox 489 3113 526 3164; x_wconf 93' lang='lat' dir='ltr'>ut</span> <span class='ocrx_word' id='word_1_168' title='bbox 542 3099 655 3164; x_wconf 88' lang='lat' dir='ltr'>salutis</span> <span class='ocrx_word' id='word_1_169' title='bbox 670 3121 737 3162; x_wconf 87' lang='lat' dir='ltr'>suae</span> <span class='ocrx_word' id='word_1_170' title='bbox 757 3097 958 3184; x_wconf 92' lang='lat' dir='ltr'>dispendium</span> <span class='ocrx_word' id='word_1_171' title='bbox 974 3110 1006 3161; x_wconf 90' lang='lat' dir='ltr'>et</span> <span class='ocrx_word' id='word_1_172' title='bbox 1021 3096 1078 3160; x_wconf 83' lang='lat' dir='ltr'>filii</span> <span class='ocrx_word' id='word_1_173' title='bbox 1094 3099 1142 3162; x_wconf 93' lang='lat' dir='ltr'>sui</span> <span class='ocrx_word' id='word_1_174' title='bbox 1158 3099 1329 3183; x_wconf 90' lang='lat' dir='ltr'>perniciem</span> 
     </span>
     <span class='ocr_line' id='line_1_24' title="bbox 373 3199 1329 3288; baseline 0.002 -23"><span class='ocrx_word' id='word_1_175' title='bbox 373 3213 536 3288; x_wconf 90' lang='lat' dir='ltr'>procuret,</span> <span class='ocrx_word' id='word_1_176' title='bbox 559 3223 665 3286; x_wconf 89' lang='lat' dir='ltr'>neque</span> <span class='ocrx_word' id='word_1_177' title='bbox 691 3223 749 3263; x_wconf 89' lang='lat' dir='ltr'>nos</span> <span class='ocrx_word' id='word_1_178' title='bbox 772 3199 875 3284; x_wconf 91' lang='lat' dir='ltr'>ignari</span> <span class='ocrx_word' id='word_1_179' title='bbox 903 3221 1012 3263; x_wconf 91' lang='lat' dir='ltr'>sumus</span> <span class='ocrx_word' id='word_1_180' title='bbox 1037 3199 1116 3283; x_wconf 93' lang='lat' dir='ltr'>quid</span> <span class='ocrx_word' id='word_1_181' title='bbox 1142 3201 1249 3266; x_wconf 91' lang='lat' dir='ltr'>nuncii</span> <span class='ocrx_word' id='word_1_182' title='bbox 1280 3203 1329 3267; x_wconf 91' lang='lat' dir='ltr'>sui</span> 
     </span>
     <span class='ocr_line' id='line_1_25' title="bbox 374 3300 1330 3389; baseline 0.001 -20"><span class='ocrx_word' id='word_1_183' title='bbox 374 3301 559 3389; x_wconf 86' lang='lat' dir='ltr'>quaesierint</span> <span class='ocrx_word' id='word_1_184' title='bbox 574 3302 615 3365; x_wconf 91' lang='lat' dir='ltr'>ab</span> <span class='ocrx_word' id='word_1_185' title='bbox 626 3301 799 3388; x_wconf 85' lang='lat' dir='ltr'>apostolica</span> <span class='ocrx_word' id='word_1_186' title='bbox 814 3301 887 3364; x_wconf 89' lang='lat' dir='ltr'>sede</span> <span class='ocrx_word' id='word_1_187' title='bbox 898 3300 949 3363; x_wconf 88' lang='lat' dir='ltr'>vel</span> <span class='ocrx_word' id='word_1_188' title='bbox 959 3300 1166 3367; x_wconf 88' lang='lat' dir='ltr'>obtinuerint.</span> <span class='ocrx_word' id='word_1_189' title='bbox 1198 3305 1330 3370; x_wconf 86' lang='lat' dir='ltr'>Cessent</span> 
     </span>
     <span class='ocr_line' id='line_1_26' title="bbox 363 3402 1331 3497; baseline 0.005 -29"><span class='ocrx_word' id='word_1_190' title='bbox 363 3407 480 3479; x_wconf 75' lang='lat' dir='ltr'>minae,</span> <span class='ocrx_word' id='word_1_191' title='bbox 504 3403 653 3497; x_wconf 85' lang='lat' dir='ltr'>quoniam</span> <span class='ocrx_word' id='word_1_192' title='bbox 676 3402 806 3466; x_wconf 88' lang='lat' dir='ltr'>ecclesia</span> <span class='ocrx_word' id='word_1_193' title='bbox 828 3403 891 3466; x_wconf 90' lang='lat' dir='ltr'>Dei</span> <span class='ocrx_word' id='word_1_194' title='bbox 914 3424 972 3488; x_wconf 90' lang='lat' dir='ltr'>per</span> <span class='ocrx_word' id='word_1_195' title='bbox 994 3403 1240 3471; x_wconf 89' lang='lat' dir='ltr'>misericordiam</span> <span class='ocrx_word' id='word_1_196' title='bbox 1263 3408 1331 3493; x_wconf 89' lang='lat' dir='ltr'>ejus</span> 
     </span>
     <span class='ocr_line' id='line_1_27' title="bbox 372 3505 1330 3593; baseline 0.004 -24"><span class='ocrx_word' id='word_1_197' title='bbox 372 3507 406 3569; x_wconf 90' lang='lat' dir='ltr'>in</span> <span class='ocrx_word' id='word_1_198' title='bbox 436 3520 533 3592; x_wconf 90' lang='lat' dir='ltr'>portu</span> <span class='ocrx_word' id='word_1_199' title='bbox 560 3505 701 3589; x_wconf 86' lang='lat' dir='ltr'>navigat,</span> <span class='ocrx_word' id='word_1_200' title='bbox 729 3527 785 3568; x_wconf 91' lang='lat' dir='ltr'>nec</span> <span class='ocrx_word' id='word_1_201' title='bbox 814 3515 862 3568; x_wconf 89' lang='lat' dir='ltr'>est</span> <span class='ocrx_word' id='word_1_202' title='bbox 891 3526 910 3567; x_wconf 89' lang='lat' dir='ltr'>a</span> <span class='ocrx_word' id='word_1_203' title='bbox 940 3518 1039 3569; x_wconf 87' lang='lat' dir='ltr'>strata</span> <span class='ocrx_word' id='word_1_204' title='bbox 1068 3507 1207 3591; x_wconf 90' lang='lat' dir='ltr'>publica,</span> <span class='ocrx_word' id='word_1_205' title='bbox 1235 3532 1330 3593; x_wconf 85' lang='lat' dir='ltr'>quam</span> 
     </span>
     <span class='ocr_line' id='line_1_28' title="bbox 367 3602 1330 3694; baseline 0.002 -24"><span class='ocrx_word' id='word_1_206' title='bbox 367 3605 525 3670; x_wconf 74' lang='lat' dir='ltr'>vChristus</span> <span class='ocrx_word' id='word_1_207' title='bbox 546 3603 697 3684; x_wconf 86' lang='lat' dir='ltr'>ostendit,</span> <span class='ocrx_word' id='word_1_208' title='bbox 715 3602 937 3684; x_wconf 88' lang='lat' dir='ltr'>recedendum,</span> <span class='ocrx_word' id='word_1_209' title='bbox 955 3608 1130 3690; x_wconf 88' lang='lat' dir='ltr'>praesertim</span> <span class='ocrx_word' id='word_1_210' title='bbox 1152 3607 1200 3671; x_wconf 94' lang='lat' dir='ltr'>his</span> <span class='ocrx_word' id='word_1_211' title='bbox 1219 3611 1275 3694; x_wconf 92' lang='lat' dir='ltr'>qui</span> <span class='ocrx_word' id='word_1_212' title='bbox 1297 3612 1330 3672; x_wconf 90' lang='lat' dir='ltr'>in</span> 
     </span>
     <span class='ocr_line' id='line_1_29' title="bbox 364 3704 1330 3793; baseline 0.003 -24"><span class='ocrx_word' id='word_1_213' title='bbox 364 3716 463 3770; x_wconf 91' lang='lat' dir='ltr'>&#39;tanta</span> <span class='ocrx_word' id='word_1_214' title='bbox 477 3705 650 3770; x_wconf 85' lang='lat' dir='ltr'>acerbitate</span> <span class='ocrx_word' id='word_1_215' title='bbox 664 3704 751 3770; x_wconf 83' lang='lat' dir='ltr'>exilii</span> <span class='ocrx_word' id='word_1_216' title='bbox 766 3718 830 3769; x_wconf 94' lang='lat' dir='ltr'>tam</span> <span class='ocrx_word' id='word_1_217' title='bbox 848 3717 994 3789; x_wconf 89' lang='lat' dir='ltr'>patenter</span> <span class='ocrx_word' id='word_1_218' title='bbox 1008 3708 1133 3793; x_wconf 90' lang='lat' dir='ltr'>experti</span> <span class='ocrx_word' id='word_1_219' title='bbox 1149 3723 1223 3773; x_wconf 88' lang='lat' dir='ltr'>sunt</span> <span class='ocrx_word' id='word_1_220' title='bbox 1239 3709 1330 3772; x_wconf 89' lang='lat' dir='ltr'>mise·</span> 
     </span>
     <span class='ocr_line' id='line_1_30' title="bbox 373 3806 630 3871; baseline 0.004 -2"><span class='ocrx_word' id='word_1_221' title='bbox 373 3806 543 3871; x_wconf 87' lang='lat' dir='ltr'>ricordiam</span> <span class='ocrx_word' id='word_1_222' title='bbox 558 3807 630 3870; x_wconf 89' lang='lat' dir='ltr'>Dei.</span> 
     </span>
    </p>

    <p class='ocr_par' dir='ltr' id='par_1_3' title="bbox 362 3908 1332 4300">
     <span class='ocr_line' id='line_1_31' title="bbox 418 3908 1331 3998; baseline 0.008 -26"><span class='ocrx_word' id='word_1_223' title='bbox 418 3908 538 3973; x_wconf 89' lang='lat' dir='ltr'>Oscula</span> <span class='ocrx_word' id='word_1_224' title='bbox 552 3910 739 3994; x_wconf 88' lang='lat' dir='ltr'>promittitis</span> <span class='ocrx_word' id='word_1_225' title='bbox 754 3924 786 3974; x_wconf 91' lang='lat' dir='ltr'>et</span> <span class='ocrx_word' id='word_1_226' title='bbox 802 3911 983 3997; x_wconf 87' lang='lat' dir='ltr'>amplexus,</span> <span class='ocrx_word' id='word_1_227' title='bbox 1000 3912 1025 3974; x_wconf 93' lang='lat' dir='ltr'>si</span> <span class='ocrx_word' id='word_1_228' title='bbox 1047 3935 1165 3977; x_wconf 90' lang='lat' dir='ltr'>morem</span> <span class='ocrx_word' id='word_1_229' title='bbox 1181 3937 1331 3998; x_wconf 85' lang='lat' dir='ltr'>geramus</span> 
     </span>
     <span class='ocr_line' id='line_1_32' title="bbox 362 4009 1332 4096; baseline 0.008 -24"><span class='ocrx_word' id='word_1_230' title='bbox 362 4009 506 4085; x_wconf 90' lang='lat' dir='ltr'>homini,</span> <span class='ocrx_word' id='word_1_231' title='bbox 522 4022 555 4074; x_wconf 89' lang='lat' dir='ltr'>et</span> <span class='ocrx_word' id='word_1_232' title='bbox 574 4013 601 4074; x_wconf 87' lang='lat' dir='ltr'>is</span> <span class='ocrx_word' id='word_1_233' title='bbox 620 4011 678 4096; x_wconf 93' lang='lat' dir='ltr'>qui</span> <span class='ocrx_word' id='word_1_234' title='bbox 698 4012 801 4075; x_wconf 88' lang='lat' dir='ltr'>forma</span> <span class='ocrx_word' id='word_1_235' title='bbox 822 4013 1077 4078; x_wconf 85' lang='lat' dir='ltr'>Christianorum</span> <span class='ocrx_word' id='word_1_236' title='bbox 1097 4027 1144 4078; x_wconf 89' lang='lat' dir='ltr'>est</span> <span class='ocrx_word' id='word_1_237' title='bbox 1167 4015 1291 4080; x_wconf 88' lang='lat' dir='ltr'>audivit</span> <span class='ocrx_word' id='word_1_238' title='bbox 1312 4040 1332 4080; x_wconf 85' lang='lat' dir='ltr'>a</span> 
     </span>
     <span class='ocr_line' id='line_1_33' title="bbox 375 4112 1332 4194; baseline 0.008 -20"><span class='ocrx_word' id='word_1_239' title='bbox 375 4122 544 4187; x_wconf 86' lang='lat' dir='ltr'>tentatore,</span> <span class='ocrx_word' id='word_1_240' title='bbox 559 4112 643 4175; x_wconf 76' lang='lat' dir='ltr'>Hoc</span> <span class='ocrx_word' id='word_1_241' title='bbox 658 4116 764 4177; x_wconf 79' lang='lat' dir='ltr'>omnia</span> <span class='ocrx_word' id='word_1_242' title='bbox 785 4116 841 4176; x_wconf 76' lang='lat' dir='ltr'>itti</span> <span class='ocrx_word' id='word_1_243' title='bbox 864 4115 956 4194; x_wconf 83' lang='lat' dir='ltr'>dabo,</span> <span class='ocrx_word' id='word_1_244' title='bbox 971 4116 1001 4179; x_wconf 82' lang='lat' dir='ltr'>ei</span> <span class='ocrx_word' id='word_1_245' title='bbox 1015 4118 1133 4183; x_wconf 82' lang='lat' dir='ltr'>cadens</span> <span class='ocrx_word' id='word_1_246' title='bbox 1147 4117 1332 4182; x_wconf 81' lang='lat' dir='ltr'>adoraveris</span> 
     </span>
     <span class='ocr_line' id='line_1_34' title="bbox 375 4211 1330 4300; baseline 0.003 -24"><span class='ocrx_word' id='word_1_247' title='bbox 375 4233 433 4276; x_wconf 87' lang='lat' dir='ltr'>me.</span> <span class='ocrx_word' id='word_1_248' title='bbox 480 4212 556 4298; x_wconf 91' lang='lat' dir='ltr'>Ipse</span> <span class='ocrx_word' id='word_1_249' title='bbox 573 4211 695 4296; x_wconf 89' lang='lat' dir='ltr'>judicet</span> <span class='ocrx_word' id='word_1_250' title='bbox 716 4236 842 4277; x_wconf 89' lang='lat' dir='ltr'>causam</span> <span class='ocrx_word' id='word_1_251' title='bbox 864 4236 965 4291; x_wconf 89' lang='lat' dir='ltr'>suam,</span> <span class='ocrx_word' id='word_1_252' title='bbox 981 4227 1013 4278; x_wconf 91' lang='lat' dir='ltr'>et</span> <span class='ocrx_word' id='word_1_253' title='bbox 1034 4214 1199 4279; x_wconf 91' lang='lat' dir='ltr'>dominum</span> <span class='ocrx_word' id='word_1_254' title='bbox 1223 4238 1330 4300; x_wconf 87' lang='lat' dir='ltr'>regem</span> 
     </span>
    </p>
   </div>
   <div class='ocr_carea' id='block_1_3' title="bbox 374 4312 1444 4403">
    <p class='ocr_par' dir='ltr' id='par_1_4' title="bbox 374 4312 1444 4403">
     <span class='ocr_line' id='line_1_35' title="bbox 374 4312 1444 4403; baseline 0.005 -27"><span class='ocrx_word' id='word_1_255' title='bbox 374 4312 531 4394; x_wconf 86' lang='lat' dir='ltr'>perducat</span> <span class='ocrx_word' id='word_1_256' title='bbox 553 4312 746 4394; x_wconf 89' lang='lat' dir='ltr'>adveniam,</span> <span class='ocrx_word' id='word_1_257' title='bbox 767 4315 825 4398; x_wconf 90' lang='lat' dir='ltr'>qui</span> <span class='ocrx_word' id='word_1_258' title='bbox 849 4313 1092 4400; x_wconf 83' lang='lat' dir='ltr'>malignantium</span> <span class='ocrx_word' id='word_1_259' title='bbox 1115 4314 1251 4380; x_wconf 84' lang='lat' dir='ltr'>consiliis</span> <span class='ocrx_word' id='word_1_260' title='bbox 1272 4316 1331 4380; x_wconf 90' lang='lat' dir='ltr'>im·</span> <span class='ocrx_word' id='word_1_261' title='bbox 1440 4398 1444 4403; x_wconf 27' lang='grc' dir='ltr'>Ι</span> 
     </span>
    </p>
   </div>
   <div class='ocr_carea' id='block_1_4' title="bbox 373 4413 1332 4501">
    <p class='ocr_par' dir='ltr' id='par_1_5' title="bbox 373 4413 1332 4501">
     <span class='ocr_line' id='line_1_36' title="bbox 373 4413 1332 4501; baseline 0.005 -24"><span class='ocrx_word' id='word_1_262' title='bbox 373 4413 499 4497; x_wconf 89' lang='lat' dir='ltr'>pulsus,</span> <span class='ocrx_word' id='word_1_263' title='bbox 515 4416 633 4480; x_wconf 80' lang='lat' dir='ltr'>innatae</span> <span class='ocrx_word' id='word_1_264' title='bbox 648 4414 855 4499; x_wconf 84' lang='lat' dir='ltr'>benignitatis</span> <span class='ocrx_word' id='word_1_265' title='bbox 870 4435 967 4499; x_wconf 92' lang='lat' dir='ltr'>quam</span> <span class='ocrx_word' id='word_1_266' title='bbox 982 4414 1099 4481; x_wconf 83' lang='lat' dir='ltr'>habere</span> <span class='ocrx_word' id='word_1_267' title='bbox 1113 4427 1332 4501; x_wconf 79' lang='lat' dir='ltr'>consueverat,</span> 
     </span>
    </p>
   </div>
   <div class='ocr_carea' id='block_1_5' title="bbox 0 0 1696 5525">
    <p class='ocr_par' dir='ltr' id='par_1_6' title="bbox 0 0 1696 5525">
     <span class='ocr_line' id='line_1_37' title="bbox 0 0 1696 5525; baseline 0 0"><span class='ocrx_word' id='word_1_268' title='bbox 0 0 1696 5525; x_wconf 95' lang='lat' dir='ltr'> </span> 
     </span>
    </p>
   </div>
  </div>
 </body>
</html>
