<?xml version="1.0" encoding="UTF-8"?>
<!DOCTYPE html PUBLIC "-//W3C//DTD XHTML 1.0 Transitional//EN"
    "http://www.w3.org/TR/xhtml1/DTD/xhtml1-transitional.dtd">
<html xmlns="http://www.w3.org/1999/xhtml" xml:lang="en" lang="en">
 <head>
  <title>
</title>
<meta http-equiv="Content-Type" content="text/html;charset=utf-8" />
  <meta name='ocr-system' content='tesseract 3.04.00' />
  <meta name='ocr-capabilities' content='ocr_page ocr_carea ocr_par ocr_line ocrx_word'/>
</head>
<body>
  <div class='ocr_page' id='page_1' title='image "./joannissaresber05johngoog_0198.png"; bbox 0 0 3384 5525; ppageno 0'>
   <div class='ocr_carea' id='block_1_1' title="bbox 374 769 1325 848">
    <p class='ocr_par' dir='ltr' id='par_1_1' title="bbox 374 769 1325 848">
     <span class='ocr_line' id='line_1_1' title="bbox 374 769 1325 848; baseline -0.004 -13"><span class='ocrx_word' id='word_1_1' title='bbox 374 777 433 837; x_wconf 85' lang='grc'><strong>180</strong></span> <span class='ocrx_word' id='word_1_2' title='bbox 642 790 778 833; x_wconf 74' lang='lat' dir='ltr'><strong>mamus</strong></span> <span class='ocrx_word' id='word_1_3' title='bbox 793 787 1071 832; x_wconf 77' lang='lat' dir='ltr'><strong>sanusuamuusrs</strong></span> <span class='ocrx_word' id='word_1_4' title='bbox 1230 769 1274 848; x_wconf 76' lang='grc'>[1.</span> <span class='ocrx_word' id='word_1_5' title='bbox 1293 789 1325 833; x_wconf 87' lang='lat' dir='ltr'><strong>u.</strong></span> 
     </span>
    </p>
   </div>
   <div class='ocr_carea' id='block_1_2' title="bbox 366 937 1325 2859">
    <p class='ocr_par' dir='ltr' id='par_1_2' title="bbox 366 937 1325 2859">
     <span class='ocr_line' id='line_1_2' title="bbox 372 937 1325 1027; baseline -0.005 -20"><span class='ocrx_word' id='word_1_6' title='bbox 372 942 457 1007; x_wconf 91' lang='lat' dir='ltr'><strong>Petri</strong></span> <span class='ocrx_word' id='word_1_7' title='bbox 474 942 528 1027; x_wconf 89' lang='lat' dir='ltr'><strong>qul</strong></span> <span class='ocrx_word' id='word_1_8' title='bbox 545 942 605 1005; x_wconf 90' lang='lat' dir='ltr'><strong>sub</strong></span> <span class='ocrx_word' id='word_1_9' title='bbox 628 952 814 1025; x_wconf 85' lang='lat' dir='ltr'><strong>tempestate</strong></span> <span class='ocrx_word' id='word_1_10' title='bbox 837 937 995 1022; x_wconf 86' lang='lat' dir='ltr'><strong>naufragii</strong></span> <span class='ocrx_word' id='word_1_11' title='bbox 1018 937 1116 1024; x_wconf 91' lang='lat' dir='ltr'><strong>hujus</strong></span> <span class='ocrx_word' id='word_1_12' title='bbox 1138 940 1170 1001; x_wconf 92' lang='lat' dir='ltr'><strong>in</strong></span> <span class='ocrx_word' id='word_1_13' title='bbox 1186 939 1325 1023; x_wconf 88' lang='lat' dir='ltr'><strong>regenda</strong></span> 
     </span>
     <span class='ocr_line' id='line_1_3' title="bbox 369 1041 1322 1127; baseline -0.002 -21"><span class='ocrx_word' id='word_1_14' title='bbox 369 1067 449 1106; x_wconf 86' lang='lat' dir='ltr'><strong>nave</strong></span> <span class='ocrx_word' id='word_1_15' title='bbox 465 1043 662 1106; x_wconf 87' lang='lat' dir='ltr'><strong>sudaverunt</strong></span> <span class='ocrx_word' id='word_1_16' title='bbox 683 1041 723 1104; x_wconf 90' lang='lat' dir='ltr'><strong>ad</strong></span> <span class='ocrx_word' id='word_1_17' title='bbox 746 1053 894 1127; x_wconf 88' lang='lat' dir='ltr'><strong>optatum</strong></span> <span class='ocrx_word' id='word_1_18' title='bbox 920 1041 1085 1125; x_wconf 85' lang='lat' dir='ltr'><strong>pervenire</strong></span> <span class='ocrx_word' id='word_1_19' title='bbox 1108 1054 1236 1126; x_wconf 86' lang='lat' dir='ltr'><strong>portum</strong></span> <span class='ocrx_word' id='word_1_20' title='bbox 1256 1042 1322 1127; x_wconf 89' lang='lat' dir='ltr'><strong>jam</strong></span> 
     </span>
     <span class='ocr_line' id='line_1_4' title="bbox 370 1141 1324 1228; baseline -0.001 -21"><span class='ocrx_word' id='word_1_21' title='bbox 370 1145 435 1207; x_wconf 87' lang='lat' dir='ltr'><strong>fere</strong></span> <span class='ocrx_word' id='word_1_22' title='bbox 450 1144 657 1228; x_wconf 90' lang='lat' dir='ltr'><strong>conspicuum</strong></span> <span class='ocrx_word' id='word_1_23' title='bbox 669 1142 720 1207; x_wconf 86' lang='lat' dir='ltr'><strong>sit.</strong></span> <span class='ocrx_word' id='word_1_24' title='bbox 768 1146 852 1206; x_wconf 90' lang='lat' dir='ltr'><strong>Nam</strong></span> <span class='ocrx_word' id='word_1_25' title='bbox 865 1165 939 1227; x_wconf 89' lang='lat' dir='ltr'><strong>quae</strong></span> <span class='ocrx_word' id='word_1_26' title='bbox 951 1141 1048 1228; x_wconf 88' lang='lat' dir='ltr'><strong>capiti</strong></span> <span class='ocrx_word' id='word_1_27' title='bbox 1059 1141 1237 1207; x_wconf 86' lang='lat' dir='ltr'><strong>schismatis</strong></span> <span class='ocrx_word' id='word_1_28' title='bbox 1252 1165 1324 1206; x_wconf 88' lang='lat' dir='ltr'><strong>cou-</strong></span> 
     </span>
     <span class='ocr_line' id='line_1_5' title="bbox 368 1227 1323 1330; baseline -0.001 -21"><span class='ocrx_word' id='word_1_29' title='bbox 368 1246 517 1309; x_wconf 85' lang='lat' dir='ltr'><strong>furebant</strong></span> <span class='ocrx_word' id='word_1_30' title='bbox 533 1245 675 1308; x_wconf 89' lang='lat' dir='ltr'><strong>membra</strong></span> <span class='ocrx_word' id='word_1_31' title='bbox 685 1227 921 1329; x_wconf 70' lang='lat' dir='ltr'><strong>compereunt:</strong></span> <span class='ocrx_word' id='word_1_32' title='bbox 948 1267 1050 1329; x_wconf 87' lang='lat' dir='ltr'><strong>eoque</strong></span> <span class='ocrx_word' id='word_1_33' title='bbox 1066 1244 1187 1308; x_wconf 90' lang='lat' dir='ltr'><strong>succiso</strong></span> <span class='ocrx_word' id='word_1_34' title='bbox 1208 1267 1323 1330; x_wconf 91' lang='lat' dir='ltr'><strong>corpus</strong></span> 
     </span>
     <span class='ocr_line' id='line_1_6' title="bbox 368 1345 1322 1425; baseline -0.004 -12"><span class='ocrx_word' id='word_1_35' title='bbox 368 1362 473 1413; x_wconf 85' lang='lat' dir='ltr'><strong>totum</strong></span> <span class='ocrx_word' id='word_1_36' title='bbox 490 1370 612 1410; x_wconf 87' lang='lat' dir='ltr'><strong>necesse</strong></span> <span class='ocrx_word' id='word_1_37' title='bbox 624 1359 670 1410; x_wconf 89' lang='lat' dir='ltr'><strong>est</strong></span> <span class='ocrx_word' id='word_1_38' title='bbox 682 1346 820 1409; x_wconf 87' lang='lat' dir='ltr'><strong>interire.</strong></span> <span class='ocrx_word' id='word_1_39' title='bbox 844 1345 1004 1425; x_wconf 89' lang='lat' dir='ltr'><strong>Vidimus,</strong></span> <span class='ocrx_word' id='word_1_40' title='bbox 1016 1346 1152 1410; x_wconf 90' lang='lat' dir='ltr'><strong>vidimus</strong></span> <span class='ocrx_word' id='word_1_41' title='bbox 1163 1346 1322 1410; x_wconf 88' lang='lat' dir='ltr'><strong>bominem</strong></span> 
     </span>
     <span class='ocr_line' id='line_1_7' title="bbox 369 1446 1322 1535; baseline -0.003 -23"><span class='ocrx_word' id='word_1_42' title='bbox 369 1449 426 1535; x_wconf 93' lang='lat' dir='ltr'><strong>qui</strong></span> <span class='ocrx_word' id='word_1_43' title='bbox 441 1461 645 1512; x_wconf 89' lang='lat' dir='ltr'><strong>consueverat</strong></span> <span class='ocrx_word' id='word_1_44' title='bbox 665 1470 731 1510; x_wconf 91' lang='lat' dir='ltr'><strong>esse</strong></span> <span class='ocrx_word' id='word_1_45' title='bbox 753 1446 835 1510; x_wconf 90' lang='lat' dir='ltr'><strong>sicut</strong></span> <span class='ocrx_word' id='word_1_46' title='bbox 856 1450 921 1510; x_wconf 89' lang='lat' dir='ltr'><strong>Leo</strong></span> <span class='ocrx_word' id='word_1_47' title='bbox 942 1447 975 1509; x_wconf 92' lang='lat' dir='ltr'><strong>in</strong></span> <span class='ocrx_word' id='word_1_48' title='bbox 994 1446 1089 1510; x_wconf 92' lang='lat' dir='ltr'><strong>domo</strong></span> <span class='ocrx_word' id='word_1_49' title='bbox 1111 1470 1179 1520; x_wconf 85' lang='lat' dir='ltr'><strong>sua,</strong></span> <span class='ocrx_word' id='word_1_50' title='bbox 1200 1448 1322 1510; x_wconf 88' lang='lat' dir='ltr'><strong>domes-</strong></span> 
     </span>
     <span class='ocr_line' id='line_1_8' title="bbox 369 1546 1323 1634; baseline -0.004 -18"><span class='ocrx_word' id='word_1_51' title='bbox 369 1553 448 1616; x_wconf 88' lang='lat' dir='ltr'><strong>ticos</strong></span> <span class='ocrx_word' id='word_1_52' title='bbox 477 1563 622 1613; x_wconf 88' lang='lat' dir='ltr'><strong>evertens</strong></span> <span class='ocrx_word' id='word_1_53' title='bbox 644 1561 676 1612; x_wconf 88' lang='lat' dir='ltr'><strong>et</strong></span> <span class='ocrx_word' id='word_1_54' title='bbox 697 1548 882 1634; x_wconf 89' lang='lat' dir='ltr'><strong>opprimens</strong></span> <span class='ocrx_word' id='word_1_55' title='bbox 906 1546 1065 1633; x_wconf 89' lang='lat' dir='ltr'><strong>subjectos</strong></span> <span class='ocrx_word' id='word_1_56' title='bbox 1091 1548 1162 1624; x_wconf 91' lang='lat' dir='ltr'><strong>sibi,</strong></span> <span class='ocrx_word' id='word_1_57' title='bbox 1185 1547 1323 1612; x_wconf 85' lang='lat' dir='ltr'><strong>latebras</strong></span> 
     </span>
     <span class='ocr_line' id='line_1_9' title="bbox 369 1648 1322 1737; baseline -0.005 -21"><span class='ocrx_word' id='word_1_58' title='bbox 369 1675 523 1737; x_wconf 83' lang='lat' dir='ltr'><strong>quaerere,</strong></span> <span class='ocrx_word' id='word_1_59' title='bbox 545 1671 576 1714; x_wconf 86' lang='lat' dir='ltr'><strong>et</strong></span> <span class='ocrx_word' id='word_1_60' title='bbox 596 1662 685 1713; x_wconf 91' lang='lat' dir='ltr'><strong>tanto</strong></span> <span class='ocrx_word' id='word_1_61' title='bbox 708 1662 826 1713; x_wconf 88' lang='lat' dir='ltr'><strong>terrore</strong></span> <span class='ocrx_word' id='word_1_62' title='bbox 846 1648 985 1725; x_wconf 90' lang='lat' dir='ltr'><strong>concuti,</strong></span> <span class='ocrx_word' id='word_1_63' title='bbox 1004 1662 1041 1713; x_wconf 90' lang='lat' dir='ltr'><strong>ut</strong></span> <span class='ocrx_word' id='word_1_64' title='bbox 1057 1649 1113 1713; x_wconf 83' lang='lat' dir='ltr'><strong>vix</strong></span> <span class='ocrx_word' id='word_1_65' title='bbox 1134 1661 1228 1713; x_wconf 89' lang='lat' dir='ltr'><strong>tutus</strong></span> <span class='ocrx_word' id='word_1_66' title='bbox 1243 1661 1322 1712; x_wconf 89' lang='lat' dir='ltr'><strong>esset</strong></span> 
     </span>
     <span class='ocr_line' id='line_1_10' title="bbox 367 1747 1323 1837; baseline -0.005 -19"><span class='ocrx_word' id='word_1_67' title='bbox 367 1756 399 1818; x_wconf 91' lang='lat' dir='ltr'><strong>in</strong></span> <span class='ocrx_word' id='word_1_68' title='bbox 423 1752 584 1837; x_wconf 82' lang='lat' dir='ltr'><strong>angulosis</strong></span> <span class='ocrx_word' id='word_1_69' title='bbox 603 1751 720 1816; x_wconf 85' lang='lat' dir='ltr'><strong>abditis</strong></span> <span class='ocrx_word' id='word_1_70' title='bbox 742 1753 815 1814; x_wconf 88' lang='lat' dir='ltr'><strong>suis.</strong></span> <span class='ocrx_word' id='word_1_71' title='bbox 864 1748 972 1825; x_wconf 92' lang='lat' dir='ltr'><strong>Illum,</strong></span> <span class='ocrx_word' id='word_1_72' title='bbox 990 1747 1081 1813; x_wconf 91' lang='lat' dir='ltr'><strong>illum</strong></span> <span class='ocrx_word' id='word_1_73' title='bbox 1100 1750 1323 1836; x_wconf 82' lang='lat' dir='ltr'><strong>imperatorem</strong></span> 
     </span>
     <span class='ocr_line' id='line_1_11' title="bbox 368 1851 1322 1943; baseline -0.003 -23"><span class='ocrx_word' id='word_1_74' title='bbox 368 1857 425 1943; x_wconf 92' lang='lat' dir='ltr'><strong>qui</strong></span> <span class='ocrx_word' id='word_1_75' title='bbox 449 1856 547 1920; x_wconf 88' lang='lat' dir='ltr'><strong>totius</strong></span> <span class='ocrx_word' id='word_1_76' title='bbox 569 1853 655 1918; x_wconf 92' lang='lat' dir='ltr'><strong>orbis</strong></span> <span class='ocrx_word' id='word_1_77' title='bbox 678 1866 778 1917; x_wconf 91' lang='lat' dir='ltr'><strong>terror</strong></span> <span class='ocrx_word' id='word_1_78' title='bbox 808 1852 923 1925; x_wconf 88' lang='lat' dir='ltr'><strong>fuerat,</strong></span> <span class='ocrx_word' id='word_1_79' title='bbox 948 1851 1070 1916; x_wconf 89' lang='lat' dir='ltr'><strong>utinam</strong></span> <span class='ocrx_word' id='word_1_80' title='bbox 1093 1853 1252 1918; x_wconf 91' lang='lat' dir='ltr'><strong>vidissetis</strong></span> <span class='ocrx_word' id='word_1_81' title='bbox 1282 1854 1322 1917; x_wconf 89' lang='lat' dir='ltr'><strong>ab</strong></span> 
     </span>
     <span class='ocr_line' id='line_1_12' title="bbox 371 1954 1322 2042; baseline -0.002 -21"><span class='ocrx_word' id='word_1_82' title='bbox 371 1960 465 2023; x_wconf 86' lang='lat' dir='ltr'><strong>Italia</strong></span> <span class='ocrx_word' id='word_1_83' title='bbox 488 1956 662 2042; x_wconf 81' lang='lat' dir='ltr'><strong>fugientem</strong></span> <span class='ocrx_word' id='word_1_84' title='bbox 687 1978 759 2019; x_wconf 90' lang='lat' dir='ltr'><strong>cum</strong></span> <span class='ocrx_word' id='word_1_85' title='bbox 783 1954 957 2038; x_wconf 87' lang='lat' dir='ltr'><strong>ignominia</strong></span> <span class='ocrx_word' id='word_1_86' title='bbox 980 1955 1182 2041; x_wconf 87' lang='lat' dir='ltr'><strong>sempiterna,</strong></span> <span class='ocrx_word' id='word_1_87' title='bbox 1206 1969 1243 2020; x_wconf 87' lang='lat' dir='ltr'><strong>ut</strong></span> <span class='ocrx_word' id='word_1_88' title='bbox 1296 1960 1322 2021; x_wconf 90' lang='lat' dir='ltr'><strong>is</strong></span> 
     </span>
     <span class='ocr_line' id='line_1_13' title="bbox 368 2056 1322 2144; baseline -0.002 -21"><span class='ocrx_word' id='word_1_89' title='bbox 368 2059 522 2124; x_wconf 87' lang='lat' dir='ltr'><strong>cautelam</strong></span> <span class='ocrx_word' id='word_1_90' title='bbox 541 2070 690 2144; x_wconf 89' lang='lat' dir='ltr'><strong>procuret</strong></span> <span class='ocrx_word' id='word_1_91' title='bbox 705 2070 760 2121; x_wconf 90' lang='lat' dir='ltr'><strong>aut</strong></span> <span class='ocrx_word' id='word_1_92' title='bbox 777 2056 902 2120; x_wconf 88' lang='lat' dir='ltr'><strong>ruinam</strong></span> <span class='ocrx_word' id='word_1_93' title='bbox 919 2056 976 2142; x_wconf 90' lang='lat' dir='ltr'><strong>qui</strong></span> <span class='ocrx_word' id='word_1_94' title='bbox 990 2056 1220 2121; x_wconf 88' lang='lat' dir='ltr'><strong>catholicorum</strong></span> <span class='ocrx_word' id='word_1_95' title='bbox 1237 2058 1322 2123; x_wconf 90' lang='lat' dir='ltr'><strong>labo-</strong></span> 
     </span>
     <span class='ocr_line' id='line_1_14' title="bbox 368 2159 1322 2247; baseline 0.001 -23"><span class='ocrx_word' id='word_1_96' title='bbox 368 2161 456 2226; x_wconf 88' lang='lat' dir='ltr'><strong>ribus</strong></span> <span class='ocrx_word' id='word_1_97' title='bbox 471 2160 664 2225; x_wconf 87' lang='lat' dir='ltr'><strong>insultabant</strong></span> <span class='ocrx_word' id='word_1_98' title='bbox 686 2183 724 2222; x_wconf 86' lang='lat' dir='ltr'><strong>ex</strong></span> <span class='ocrx_word' id='word_1_99' title='bbox 741 2159 939 2223; x_wconf 86' lang='lat' dir='ltr'><strong>successibus</strong></span> <span class='ocrx_word' id='word_1_100' title='bbox 954 2172 985 2222; x_wconf 91' lang='lat' dir='ltr'><strong>et</strong></span> <span class='ocrx_word' id='word_1_101' title='bbox 1007 2160 1115 2223; x_wconf 87' lang='lat' dir='ltr'><strong>furore</strong></span> <span class='ocrx_word' id='word_1_102' title='bbox 1130 2162 1208 2246; x_wconf 88' lang='lat' dir='ltr'><strong>ejus.</strong></span> <span class='ocrx_word' id='word_1_103' title='bbox 1232 2163 1322 2247; x_wconf 88' lang='lat' dir='ltr'><strong>Ergo</strong></span> 
     </span>
     <span class='ocr_line' id='line_1_15' title="bbox 368 2261 1321 2349; baseline 0.002 -23"><span class='ocrx_word' id='word_1_104' title='bbox 368 2276 553 2349; x_wconf 89' lang='lat' dir='ltr'><strong>conceptam</strong></span> <span class='ocrx_word' id='word_1_105' title='bbox 572 2262 696 2326; x_wconf 88' lang='lat' dir='ltr'><strong>laudem</strong></span> <span class='ocrx_word' id='word_1_106' title='bbox 721 2262 782 2325; x_wconf 88' lang='lat' dir='ltr'><strong>Dei</strong></span> <span class='ocrx_word' id='word_1_107' title='bbox 798 2261 890 2325; x_wconf 89' lang='lat' dir='ltr'><strong>silere</strong></span> <span class='ocrx_word' id='word_1_108' title='bbox 905 2261 978 2346; x_wconf 89' lang='lat' dir='ltr'><strong>quis</strong></span> <span class='ocrx_word' id='word_1_109' title='bbox 993 2262 1135 2347; x_wconf 86' lang='lat' dir='ltr'><strong>poterit?</strong></span> <span class='ocrx_word' id='word_1_110' title='bbox 1157 2266 1226 2349; x_wconf 91' lang='lat' dir='ltr'><strong>ipse</strong></span> <span class='ocrx_word' id='word_1_111' title='bbox 1238 2265 1321 2328; x_wconf 92' lang='lat' dir='ltr'><strong>enim</strong></span> 
     </span>
     <span class='ocr_line' id='line_1_16' title="bbox 367 2362 1322 2449; baseline 0.003 -22"><span class='ocrx_word' id='word_1_112' title='bbox 367 2378 414 2428; x_wconf 91' lang='lat' dir='ltr'><strong>est</strong></span> <span class='ocrx_word' id='word_1_113' title='bbox 430 2365 485 2449; x_wconf 92' lang='lat' dir='ltr'><strong>qui</strong></span> <span class='ocrx_word' id='word_1_114' title='bbox 495 2364 571 2428; x_wconf 85' lang='lat' dir='ltr'><strong>lacit</strong></span> <span class='ocrx_word' id='word_1_115' title='bbox 584 2363 741 2427; x_wconf 87' lang='lat' dir='ltr'><strong>mirabilia</strong></span> <span class='ocrx_word' id='word_1_116' title='bbox 755 2386 872 2447; x_wconf 84' lang='lat' dir='ltr'><strong>magna</strong></span> <span class='ocrx_word' id='word_1_117' title='bbox 886 2363 982 2438; x_wconf 76' lang='lat' dir='ltr'><strong>solm,</strong></span> <span class='ocrx_word' id='word_1_118' title='bbox 1000 2363 1057 2449; x_wconf 93' lang='lat' dir='ltr'><strong>qui</strong></span> <span class='ocrx_word' id='word_1_119' title='bbox 1069 2362 1249 2430; x_wconf 85' lang='lat' dir='ltr'><strong>consolatur</strong></span> <span class='ocrx_word' id='word_1_120' title='bbox 1265 2389 1322 2431; x_wconf 89' lang='lat' dir='ltr'><strong>nos</strong></span> 
     </span>
     <span class='ocr_line' id='line_1_17' title="bbox 367 2465 1323 2553; baseline 0.004 -24"><span class='ocrx_word' id='word_1_121' title='bbox 367 2466 400 2531; x_wconf 90' lang='lat' dir='ltr'><strong>in</strong></span> <span class='ocrx_word' id='word_1_122' title='bbox 415 2465 500 2530; x_wconf 88' lang='lat' dir='ltr'><strong>omni</strong></span> <span class='ocrx_word' id='word_1_123' title='bbox 524 2466 729 2530; x_wconf 88' lang='lat' dir='ltr'><strong>tribulatione</strong></span> <span class='ocrx_word' id='word_1_124' title='bbox 751 2479 859 2531; x_wconf 89' lang='lat' dir='ltr'><strong>nostra</strong></span> <span class='ocrx_word' id='word_1_125' title='bbox 880 2488 918 2529; x_wconf 89' lang='lat' dir='ltr'><strong>ne</strong></span> <span class='ocrx_word' id='word_1_126' title='bbox 941 2490 980 2529; x_wconf 89' lang='lat' dir='ltr'><strong>ex</strong></span> <span class='ocrx_word' id='word_1_127' title='bbox 1003 2468 1141 2553; x_wconf 86' lang='lat' dir='ltr'><strong>acceptis</strong></span> <span class='ocrx_word' id='word_1_128' title='bbox 1164 2468 1323 2534; x_wconf 88' lang='lat' dir='ltr'><strong>beneficiis</strong></span> 
     </span>
     <span class='ocr_line' id='line_1_18' title="bbox 367 2567 1321 2657; baseline 0.006 -28"><span class='ocrx_word' id='word_1_129' title='bbox 367 2567 549 2632; x_wconf 91' lang='lat' dir='ltr'><strong>hominibus</strong></span> <span class='ocrx_word' id='word_1_130' title='bbox 563 2568 753 2653; x_wconf 88' lang='lat' dir='ltr'><strong>obligemur,</strong></span> <span class='ocrx_word' id='word_1_131' title='bbox 777 2569 833 2655; x_wconf 91' lang='lat' dir='ltr'><strong>qui</strong></span> <span class='ocrx_word' id='word_1_132' title='bbox 849 2570 877 2632; x_wconf 92' lang='lat' dir='ltr'><strong>ei</strong></span> <span class='ocrx_word' id='word_1_133' title='bbox 893 2568 950 2632; x_wconf 94' lang='lat' dir='ltr'><strong>soli</strong></span> <span class='ocrx_word' id='word_1_134' title='bbox 968 2568 1122 2634; x_wconf 89' lang='lat' dir='ltr'><strong>debemus</strong></span> <span class='ocrx_word' id='word_1_135' title='bbox 1136 2571 1225 2657; x_wconf 92' lang='lat' dir='ltr'><strong>quod</strong></span> <span class='ocrx_word' id='word_1_136' title='bbox 1242 2572 1321 2635; x_wconf 89' lang='lat' dir='ltr'><strong>vivi·</strong></span> 
     </span>
     <span class='ocr_line' id='line_1_19' title="bbox 366 2669 1319 2761; baseline 0.005 -28"><span class='ocrx_word' id='word_1_137' title='bbox 366 2691 448 2749; x_wconf 92' lang='lat' dir='ltr'><strong>mas,</strong></span> <span class='ocrx_word' id='word_1_138' title='bbox 462 2669 674 2745; x_wconf 89' lang='lat' dir='ltr'><strong>abundamus,</strong></span> <span class='ocrx_word' id='word_1_139' title='bbox 691 2688 722 2735; x_wconf 90' lang='lat' dir='ltr'><strong>et</strong></span> <span class='ocrx_word' id='word_1_140' title='bbox 738 2693 834 2747; x_wconf 87' lang='lat' dir='ltr'><strong>nunc,</strong></span> <span class='ocrx_word' id='word_1_141' title='bbox 851 2694 947 2758; x_wconf 84' lang='lat' dir='ltr'><strong>quam</strong></span> <span class='ocrx_word' id='word_1_142' title='bbox 963 2672 1124 2755; x_wconf 87' lang='lat' dir='ltr'><strong>quondam</strong></span> <span class='ocrx_word' id='word_1_143' title='bbox 1148 2672 1181 2736; x_wconf 91' lang='lat' dir='ltr'><strong>iu</strong></span> <span class='ocrx_word' id='word_1_144' title='bbox 1203 2673 1319 2761; x_wconf 87' lang='lat' dir='ltr'><strong>patria,</strong></span> 
     </span>
     <span class='ocr_line' id='line_1_20' title="bbox 367 2772 844 2859; baseline 0.004 -23"><span class='ocrx_word' id='word_1_145' title='bbox 367 2774 469 2859; x_wconf 86' lang='lat' dir='ltr'><strong>magis</strong></span> <span class='ocrx_word' id='word_1_146' title='bbox 484 2773 515 2836; x_wconf 95' lang='lat' dir='ltr'><strong>in</strong></span> <span class='ocrx_word' id='word_1_147' title='bbox 531 2772 626 2836; x_wconf 82' lang='lat' dir='ltr'><strong>exilio</strong></span> <span class='ocrx_word' id='word_1_148' title='bbox 641 2772 844 2838; x_wconf 88' lang='lat' dir='ltr'><strong>honoramur.</strong></span> 
     </span>
    </p>
   </div>
   <div class='ocr_carea' id='block_1_3' title="bbox 365 2961 1315 3144">
    <p class='ocr_par' dir='ltr' id='par_1_3' title="bbox 365 2961 1315 3144">
     <span class='ocr_line' id='line_1_21' title="bbox 365 2961 1315 3030; baseline 0.002 -5"><span class='ocrx_word' id='word_1_149' title='bbox 365 2962 585 3027; x_wconf 84' lang='lat' dir='ltr'>EPISTOLA</span> <span class='ocrx_word' id='word_1_150' title='bbox 609 2961 900 3026; x_wconf 68' lang='lat' dir='ltr'><strong>boumn-ln</strong></span> <span class='ocrx_word' id='word_1_151' title='bbox 916 2980 1115 3026; x_wconf 78' lang='lat' dir='ltr'><strong>unarsramu</strong></span> <span class='ocrx_word' id='word_1_152' title='bbox 1131 2983 1315 3030; x_wconf 82' lang='lat' dir='ltr'><strong>uraunuuu.</strong></span> 
     </span>
     <span class='ocr_line' id='line_1_22' title="bbox 731 3064 950 3144; baseline 0.005 -18"><span class='ocrx_word' id='word_1_153' title='bbox 731 3065 777 3144; x_wconf 77' lang='lat' dir='ltr'><strong>[a.</strong></span> <span class='ocrx_word' id='word_1_154' title='bbox 789 3083 819 3125; x_wconf 91' lang='lat' dir='ltr'><strong>n.</strong></span> <span class='ocrx_word' id='word_1_155' title='bbox 840 3064 950 3143; x_wconf 69' lang='lat' dir='ltr'><strong>llas]</strong></span> 
     </span>
    </p>
   </div>
   <div class='ocr_carea' id='block_1_4' title="bbox 635 3217 1059 3301">
    <p class='ocr_par' dir='ltr' id='par_1_4' title="bbox 635 3217 1059 3301">
     <span class='ocr_line' id='line_1_23' title="bbox 635 3217 1059 3301; baseline 0.002 -22"><span class='ocrx_word' id='word_1_156' title='bbox 635 3220 726 3280; x_wconf 88' lang='lat' dir='ltr'><strong>Idem</strong></span> <span class='ocrx_word' id='word_1_157' title='bbox 743 3217 907 3300; x_wconf 74' lang='lat' dir='ltr'><strong>Maqistro</strong></span> <span class='ocrx_word' id='word_1_158' title='bbox 922 3218 1059 3301; x_wconf 70' lang='lat' dir='ltr'><strong>Niyello.</strong></span> 
     </span>
    </p>
   </div>
   <div class='ocr_carea' id='block_1_5' title="bbox 362 3344 1318 4461">
    <p class='ocr_par' dir='ltr' id='par_1_5' title="bbox 362 3344 1318 4461">
     <span class='ocr_line' id='line_1_24' title="bbox 412 3344 1317 3437; baseline 0.015 -31"><span class='ocrx_word' id='word_1_159' title='bbox 412 3344 648 3410; x_wconf 78' lang='lat' dir='ltr'><strong>laruacaruno</strong></span> <span class='ocrx_word' id='word_1_160' title='bbox 686 3347 827 3411; x_wconf 89' lang='lat' dir='ltr'><strong>locorum</strong></span> <span class='ocrx_word' id='word_1_161' title='bbox 858 3372 920 3412; x_wconf 91' lang='lat' dir='ltr'><strong>non</strong></span> <span class='ocrx_word' id='word_1_162' title='bbox 951 3350 1142 3437; x_wconf 86' lang='lat' dir='ltr'><strong>praejudicat</strong></span> <span class='ocrx_word' id='word_1_163' title='bbox 1171 3353 1257 3432; x_wconf 85' lang='lat' dir='ltr'><strong>fidei,</strong></span> <span class='ocrx_word' id='word_1_164' title='bbox 1287 3368 1317 3420; x_wconf 91' lang='lat' dir='ltr'><strong>et</strong></span> 
     </span>
     <span class='ocr_line' id='line_1_25' title="bbox 366 3446 1316 3524; baseline 0.017 -16"><span class='ocrx_word' id='word_1_165' title='bbox 366 3446 513 3510; x_wconf 82' lang='lat' dir='ltr'><strong>amicitiae</strong></span> <span class='ocrx_word' id='word_1_166' title='bbox 543 3447 658 3511; x_wconf 88' lang='lat' dir='ltr'><strong>titulus</strong></span> <span class='ocrx_word' id='word_1_167' title='bbox 689 3448 793 3512; x_wconf 87' lang='lat' dir='ltr'><strong>radiat</strong></span> <span class='ocrx_word' id='word_1_168' title='bbox 823 3451 941 3516; x_wconf 90' lang='lat' dir='ltr'><strong>clarius</strong></span> <span class='ocrx_word' id='word_1_169' title='bbox 969 3453 1000 3517; x_wconf 92' lang='lat' dir='ltr'><strong>in</strong></span> <span class='ocrx_word' id='word_1_170' title='bbox 1030 3453 1182 3520; x_wconf 78' lang='lat' dir='ltr'><strong>adversis.</strong></span> <span class='ocrx_word' id='word_1_171' title='bbox 1228 3457 1316 3524; x_wconf 89' lang='lat' dir='ltr'><strong>Licet</strong></span> 
     </span>
     <span class='ocr_line' id='line_1_26' title="bbox 365 3548 1316 3643; baseline 0.015 -33"><span class='ocrx_word' id='word_1_172' title='bbox 365 3560 471 3612; x_wconf 91' lang='lat' dir='ltr'><strong>autem</strong></span> <span class='ocrx_word' id='word_1_173' title='bbox 497 3549 564 3635; x_wconf 91' lang='lat' dir='ltr'><strong>jam</strong></span> <span class='ocrx_word' id='word_1_174' title='bbox 592 3548 648 3614; x_wconf 89' lang='lat' dir='ltr'><strong>sim</strong></span> <span class='ocrx_word' id='word_1_175' title='bbox 680 3549 895 3635; x_wconf 88' lang='lat' dir='ltr'><strong>quinquennis</strong></span> <span class='ocrx_word' id='word_1_176' title='bbox 926 3559 1016 3632; x_wconf 86' lang='lat' dir='ltr'><strong>exul,</strong></span> <span class='ocrx_word' id='word_1_177' title='bbox 1046 3569 1090 3633; x_wconf 91' lang='lat' dir='ltr'><strong>et,</strong></span> <span class='ocrx_word' id='word_1_178' title='bbox 1121 3558 1210 3643; x_wconf 92' lang='lat' dir='ltr'><strong>quod</strong></span> <span class='ocrx_word' id='word_1_179' title='bbox 1239 3560 1316 3625; x_wconf 91' lang='lat' dir='ltr'><strong>mihi</strong></span> 
     </span>
     <span class='ocr_line' id='line_1_27' title="bbox 362 3651 1315 3745; baseline 0.015 -32"><span class='ocrx_word' id='word_1_180' title='bbox 362 3651 509 3715; x_wconf 88' lang='lat' dir='ltr'><strong>futurum</strong></span> <span class='ocrx_word' id='word_1_181' title='bbox 524 3658 653 3738; x_wconf 88' lang='lat' dir='ltr'><strong>gravius</strong></span> <span class='ocrx_word' id='word_1_182' title='bbox 668 3653 873 3720; x_wconf 88' lang='lat' dir='ltr'><strong>crediderunt</strong></span> <span class='ocrx_word' id='word_1_183' title='bbox 896 3657 1035 3724; x_wconf 84' lang='lat' dir='ltr'><strong>ecclesiae</strong></span> <span class='ocrx_word' id='word_1_184' title='bbox 1058 3673 1315 3745; x_wconf 87' lang='lat' dir='ltr'><strong>persequutores,</strong></span> 
     </span>
     <span class='ocr_line' id='line_1_28' title="bbox 364 3754 1318 3850; baseline 0.015 -36"><span class='ocrx_word' id='word_1_185' title='bbox 364 3754 580 3840; x_wconf 88' lang='lat' dir='ltr'><strong>proscriptus:</strong></span> <span class='ocrx_word' id='word_1_186' title='bbox 613 3769 718 3819; x_wconf 86' lang='lat' dir='ltr'><strong>tamen</strong></span> <span class='ocrx_word' id='word_1_187' title='bbox 745 3779 806 3820; x_wconf 94' lang='lat' dir='ltr'><strong>non</strong></span> <span class='ocrx_word' id='word_1_188' title='bbox 831 3770 895 3822; x_wconf 86' lang='lat' dir='ltr'><strong>tam</strong></span> <span class='ocrx_word' id='word_1_189' title='bbox 919 3783 1015 3846; x_wconf 89' lang='lat' dir='ltr'><strong>super</strong></span> <span class='ocrx_word' id='word_1_190' title='bbox 1040 3762 1169 3847; x_wconf 87' lang='lat' dir='ltr'><strong>jactura</strong></span> <span class='ocrx_word' id='word_1_191' title='bbox 1190 3768 1318 3850; x_wconf 90' lang='lat' dir='ltr'><strong>propria</strong></span> 
     </span>
     <span class='ocr_line' id='line_1_29' title="bbox 364 3857 1315 3942; baseline 0.017 -26"><span class='ocrx_word' id='word_1_192' title='bbox 364 3876 503 3931; x_wconf 89' lang='lat' dir='ltr'><strong>moveor,</strong></span> <span class='ocrx_word' id='word_1_193' title='bbox 524 3880 618 3942; x_wconf 91' lang='lat' dir='ltr'><strong>quam</strong></span> <span class='ocrx_word' id='word_1_194' title='bbox 642 3861 718 3942; x_wconf 89' lang='lat' dir='ltr'><strong>quia</strong></span> <span class='ocrx_word' id='word_1_195' title='bbox 734 3857 766 3921; x_wconf 90' lang='lat' dir='ltr'><strong>in</strong></span> <span class='ocrx_word' id='word_1_196' title='bbox 787 3859 925 3924; x_wconf 89' lang='lat' dir='ltr'><strong>articulo</strong></span> <span class='ocrx_word' id='word_1_197' title='bbox 942 3862 1138 3929; x_wconf 85' lang='lat' dir='ltr'><strong>necessitatis</strong></span> <span class='ocrx_word' id='word_1_198' title='bbox 1160 3864 1226 3929; x_wconf 85' lang='lat' dir='ltr'><strong>fere</strong></span> <span class='ocrx_word' id='word_1_199' title='bbox 1247 3891 1315 3932; x_wconf 89' lang='lat' dir='ltr'><strong>nos·</strong></span> 
     </span>
     <span class='ocr_line' id='line_1_30' title="bbox 364 3957 1314 4055; baseline 0.018 -38"><span class='ocrx_word' id='word_1_200' title='bbox 364 3968 482 4019; x_wconf 86' lang='lat' dir='ltr'><strong>tratum</strong></span> <span class='ocrx_word' id='word_1_201' title='bbox 506 3957 612 4022; x_wconf 92' lang='lat' dir='ltr'><strong>nullus</strong></span> <span class='ocrx_word' id='word_1_202' title='bbox 635 3961 691 4043; x_wconf 92' lang='lat' dir='ltr'><strong>qui</strong></span> <span class='ocrx_word' id='word_1_203' title='bbox 716 3962 919 4047; x_wconf 84' lang='lat' dir='ltr'><strong>naufraganti</strong></span> <span class='ocrx_word' id='word_1_204' title='bbox 945 3964 1085 4030; x_wconf 87' lang='lat' dir='ltr'><strong>ecclesiae</strong></span> <span class='ocrx_word' id='word_1_205' title='bbox 1107 3966 1190 4032; x_wconf 86' lang='lat' dir='ltr'><strong>ferat</strong></span> <span class='ocrx_word' id='word_1_206' title='bbox 1213 3990 1314 4055; x_wconf 88' lang='lat' dir='ltr'><strong>opem.</strong></span> 
     </span>
     <span class='ocr_line' id='line_1_31' title="bbox 364 4058 1313 4149; baseline 0.017 -30"><span class='ocrx_word' id='word_1_207' title='bbox 364 4058 446 4121; x_wconf 92' lang='lat' dir='ltr'><strong>Nam</strong></span> <span class='ocrx_word' id='word_1_208' title='bbox 474 4082 572 4143; x_wconf 90' lang='lat' dir='ltr'><strong>quum</strong></span> <span class='ocrx_word' id='word_1_209' title='bbox 599 4064 716 4124; x_wconf 88' lang='lat' dir='ltr'><strong>multos</strong></span> <span class='ocrx_word' id='word_1_210' title='bbox 739 4062 770 4125; x_wconf 91' lang='lat' dir='ltr'><strong>in</strong></span> <span class='ocrx_word' id='word_1_211' title='bbox 797 4085 877 4149; x_wconf 90' lang='lat' dir='ltr'><strong>pace</strong></span> <span class='ocrx_word' id='word_1_212' title='bbox 899 4065 980 4131; x_wconf 89' lang='lat' dir='ltr'><strong>lilios</strong></span> <span class='ocrx_word' id='word_1_213' title='bbox 1003 4078 1035 4132; x_wconf 92' lang='lat' dir='ltr'><strong>et</strong></span> <span class='ocrx_word' id='word_1_214' title='bbox 1061 4067 1179 4133; x_wconf 87' lang='lat' dir='ltr'><strong>amicos</strong></span> <span class='ocrx_word' id='word_1_215' title='bbox 1201 4068 1313 4135; x_wconf 88' lang='lat' dir='ltr'><strong>babere</strong></span> 
     </span>
     <span class='ocr_line' id='line_1_32' title="bbox 363 4159 1313 4256; baseline 0.017 -35"><span class='ocrx_word' id='word_1_216' title='bbox 363 4159 535 4239; x_wconf 88' lang='lat' dir='ltr'><strong>videretur,</strong></span> <span class='ocrx_word' id='word_1_217' title='bbox 551 4184 668 4248; x_wconf 89' lang='lat' dir='ltr'><strong>eosque</strong></span> <span class='ocrx_word' id='word_1_218' title='bbox 683 4163 782 4228; x_wconf 86' lang='lat' dir='ltr'><strong>claros</strong></span> <span class='ocrx_word' id='word_1_219' title='bbox 801 4167 991 4245; x_wconf 88' lang='lat' dir='ltr'><strong>eruditione,</strong></span> <span class='ocrx_word' id='word_1_220' title='bbox 1008 4180 1039 4233; x_wconf 90' lang='lat' dir='ltr'><strong>et</strong></span> <span class='ocrx_word' id='word_1_221' title='bbox 1062 4170 1202 4256; x_wconf 83' lang='lat' dir='ltr'><strong>insigues</strong></span> <span class='ocrx_word' id='word_1_222' title='bbox 1218 4171 1313 4237; x_wconf 89' lang='lat' dir='ltr'><strong>virtu-</strong></span> 
     </span>
     <span class='ocr_line' id='line_1_33' title="bbox 362 4261 1313 4357; baseline 0.011 -31"><span class='ocrx_word' id='word_1_223' title='bbox 362 4274 429 4326; x_wconf 92' lang='lat' dir='ltr'><strong>tum</strong></span> <span class='ocrx_word' id='word_1_224' title='bbox 442 4261 573 4342; x_wconf 89' lang='lat' dir='ltr'><strong>meritis,</strong></span> <span class='ocrx_word' id='word_1_225' title='bbox 588 4286 607 4326; x_wconf 86' lang='lat' dir='ltr'><strong>a</strong></span> <span class='ocrx_word' id='word_1_226' title='bbox 622 4262 719 4328; x_wconf 89' lang='lat' dir='ltr'><strong>latere</strong></span> <span class='ocrx_word' id='word_1_227' title='bbox 730 4266 800 4351; x_wconf 89' lang='lat' dir='ltr'><strong>ejus</strong></span> <span class='ocrx_word' id='word_1_228' title='bbox 814 4267 900 4332; x_wconf 89' lang='lat' dir='ltr'><strong>mille</strong></span> <span class='ocrx_word' id='word_1_229' title='bbox 912 4282 944 4334; x_wconf 90' lang='lat' dir='ltr'><strong>et</strong></span> <span class='ocrx_word' id='word_1_230' title='bbox 960 4270 1113 4336; x_wconf 86' lang='lat' dir='ltr'><strong>adextris</strong></span> <span class='ocrx_word' id='word_1_231' title='bbox 1124 4272 1194 4357; x_wconf 87' lang='lat' dir='ltr'><strong>ejus</strong></span> <span class='ocrx_word' id='word_1_232' title='bbox 1209 4272 1313 4338; x_wconf 84' lang='lat' dir='ltr'><strong>decem</strong></span> 
     </span>
     <span class='ocr_line' id='line_1_34' title="bbox 363 4364 1312 4461; baseline 0.011 -35"><span class='ocrx_word' id='word_1_233' title='bbox 363 4364 662 4429; x_wconf 89' lang='lat' dir='ltr'><strong>milliaceciderunt:</strong></span> <span class='ocrx_word' id='word_1_234' title='bbox 680 4378 711 4431; x_wconf 92' lang='lat' dir='ltr'><strong>et</strong></span> <span class='ocrx_word' id='word_1_235' title='bbox 720 4367 775 4451; x_wconf 90' lang='lat' dir='ltr'><strong>qui</strong></span> <span class='ocrx_word' id='word_1_236' title='bbox 784 4371 1312 4461; x_wconf 88' lang='lat' dir='ltr'><strong>croceisinduebantur,amplexati</strong></span> 
     </span>
    </p>
   </div>
   <div class='ocr_carea' id='block_1_6' title="bbox 0 0 1696 5525">
    <p class='ocr_par' dir='ltr' id='par_1_6' title="bbox 0 0 1696 5525">
     <span class='ocr_line' id='line_1_35' title="bbox 0 0 1696 5525; baseline 0 2"><span class='ocrx_word' id='word_1_237' title='bbox 0 0 1696 5525; x_wconf 95' lang='lat' dir='ltr'><strong> </strong></span> 
     </span>
    </p>
   </div>
  </div>
 </body>
</html>
