3384 5525
634 768 661 825 l
679 764 849 842 180.]
1403 780 1759 825 Ems‘rotAE.
2402 765 2528 823 295

620 931 1006 1017 procedente
1049 940 1358 1014 tempore,
1388 930 1469 994 ad
1502 929 1930 996 venerabilem
1961 941 2204 1015 patrem
2238 940 2524 993 nostrum

628 1032 913 1109 Petrum,
934 1042 1169 1096 sanctae
1195 1031 1506 1095 Romanae
1525 1030 1812 1095 ecclesiae
1835 1030 2021 1095 titulo
2045 1035 2110 1098 S.
2125 1030 2526 1117 Chrysogoni

622 1134 1034 1212 cardinalem,
1095 1132 1456 1218 apostolicae
1526 1132 1692 1196 sedis
1750 1132 2056 1215 legatum,
2116 1132 2400 1208 accessit,
2460 1144 2527 1195 et

622 1236 905 1321 praestita
925 1236 1235 1320 juratoria
1265 1234 1578 1311 cautione,
1604 1256 1669 1297 se
1695 1233 1774 1297 de
1797 1234 2042 1318 injuriis
2070 1246 2136 1298 et
2163 1233 2528 1298 laesionibus

621 1337 909 1401 ecclesiae
961 1345 1330 1400 memoratae
1388 1335 1875 1412 satisfacturum,
1925 1346 2239 1421 praesente
2299 1335 2526 1400 illustri

628 1440 982 1523 Anglorum
1008 1460 1157 1523 rege
1189 1449 1255 1502 et
1275 1459 1389 1522 pro
1418 1460 1495 1501 eo
1525 1437 1984 1517 intercedente,
2003 1438 2236 1501 meruit
2265 1439 2526 1515 absolvi,

624 1541 845 1604 relicto
895 1540 1077 1604 nobis
1135 1539 1303 1625 quod
1365 1539 1446 1602 de
1496 1539 1641 1623 jure
1703 1540 1980 1603 restabat
2024 1541 2523 1625 exsequendum.

626 1642 877 1707 Citatus
896 1663 1045 1705 vero
1068 1662 1279 1705 comes
1301 1642 1601 1726 praestitae
1630 1663 1759 1704 non
1791 1644 1965 1706 stetit
1985 1643 2285 1721 cautioni,
2305 1644 2525 1708 dicens

623 1767 689 1808 se
721 1744 787 1807 in
819 1744 983 1808 hanc
1012 1744 1281 1807 formam
1306 1765 1431 1806 non
1456 1743 1820 1828 praestitisse
1839 1744 2308 1828 juramentum:
2352 1746 2522 1810 unde

626 1857 693 1910 et
720 1846 1049 1931 pristinam
1082 1868 1121 1909 a
1149 1844 1333 1909 nobis
1355 1845 1653 1909 reductus
1682 1855 1776 1908 est
1805 1844 1871 1907 in
1904 1846 2304 1922 sententiam,
2330 1869 2524 1932 quam

620 1947 915 2012 dominus
944 1969 1109 2033 papa
1142 1947 1508 2012 Alexander
1540 1948 1669 2012 ΙΙΙ.
1712 1948 2126 2014 confirmavit.
2202 1948 2519 2025 Tandem,

622 2070 821 2133 quum
868 2048 1163 2112 dominus
1205 2047 1561 2131 Anglorum
1608 2070 1719 2111 rex
1763 2047 2007 2112 doleret
2049 2048 2231 2113 illum
2277 2052 2522 2115 tamdiu

622 2150 1259 2214 excommunicationi
1299 2150 1648 2234 subjacere,
1680 2150 1921 2235 regiam
1963 2152 2198 2237 adjecit
2235 2176 2519 2232 manum,

623 2250 898 2315 eundem
942 2251 1331 2336 compellens
1359 2263 1431 2314 ut
1460 2252 1850 2317 exhibitione
1883 2255 2154 2339 justitiae
2193 2279 2260 2320 se
2301 2280 2340 2321 a
2378 2280 2523 2321 sen-

619 2352 819 2416 tentia
863 2350 1533 2416 excommunicationis
1577 2375 1706 2437 qua
1747 2354 2087 2418 tenebatur
2126 2357 2366 2422 faceret
2409 2360 2524 2423 ab·

618 2453 793 2520 solvi.
884 2456 1019 2519 Nos
1062 2466 1275 2519 autem
1323 2475 1535 2517 comes
1576 2454 1912 2539 poeniten8‚
1955 2466 2029 2519 ut
2056 2457 2412 2539 videbatur,
2455 2474 2522 2526 et

618 2555 805 2620 corde
850 2556 1156 2620 contritus
1192 2555 1369 2635 adiit,
1397 2578 1473 2618 ac
1516 2556 1596 2619 de
1644 2556 1888 2640 injuriis
1933 2558 2318 2625 satisfaciens
2348 2585 2517 2627 com-

607 2668 920 2742 petenter,
951 2658 1031 2723 ad
1063 2680 1286 2744 preces
1316 2658 1559 2722 domini
1590 2659 1755 2743 regis
1789 2661 2142 2744 Anglorum
2176 2676 2241 2727 et
2270 2666 2518 2730 abbatis

612 2769 677 2822 et
721 2759 986 2825 fratrum
1030 2760 1317 2826 ecclesiae
1362 2760 1648 2847 praefatae
1692 2764 2016 2829 absolutus
2061 2777 2176 2843 est,
2208 2769 2520 2851 juratoria

612 2863 904 2926 cautione
949 2863 1231 2948 praestita
1260 2885 1326 2928 se
1357 2886 1617 2928 manum
1654 2865 1938 2946 ulterius,
1970 2890 2089 2932 nec
2129 2870 2210 2933 ad
2243 2872 2515 2937 eandem

612 2963 968 3044 ecclesiam,
1019 2987 1139 3028 nec
1197 2967 1280 3029 ad
1331 2965 1619 3031 homines
1671 2967 1772 3031 vel
1823 2971 2241 3053 possessiones
2296 2974 2516 3059 ipsius,

614 3076 1047 3144 extensurum,
1107 3067 1228 3131 nisi
1285 3067 1525 3154 aliquid
1584 3069 1665 3133 de
1730 3071 1878 3154 jure
1937 3087 2146 3157 posset
2203 3076 2516 3142 evincere.

614 3165 807 3238 Quod
840 3176 912 3229 ut
940 3168 1288 3251 posteritati
1314 3183 1531 3236 notum
1564 3171 1769 3251 fieret,
1790 3183 1855 3236 et
1877 3174 2162 3240 ecclesiae
2181 3178 2514 3262 jamdictae

610 3265 1074 3351 prospiceretur
1132 3268 1559 3353 indemnitati,
1604 3283 1735 3337 tam
1796 3275 2010 3360 scripti
2069 3299 2261 3362 quam
2324 3281 2513 3366 sigilli

609 3368 804 3431 nostri
853 3369 1213 3433 testimonio
1257 3372 1521 3439 fecimus
1570 3377 1968 3442 communiri.
2061 3383 2299 3446 Actum
2350 3385 2511 3469 pub-

603 3469 744 3550 lice,
777 3493 943 3535 anno
979 3473 1223 3538 Gratiae
1260 3484 1438 3542 1180.
