3384 5525
376 784 417 840 98
636 787 773 836 ronuurs
788 786 1068 831 susassarunusrs
1245 766 1289 845 [n.
1301 786 1330 829 n.

377 960 419 1022 et,
450 948 475 1009 si
507 946 536 1008 ci
567 946 667 1008 visum
698 942 793 1005 suerit
815 940 1005 1023 expediens,
1041 948 1259 1022 pertranseant
1287 937 1326 1000 ad

378 1046 566 1123 cardinales,
587 1047 752 1108 immutato
774 1055 881 1104 tamen
905 1048 977 1102 ante
1005 1038 1032 1101 si
1055 1038 1133 1121 quid
1156 1037 1328 1101 decreverit

375 1146 618 1210 immutandum.
664 1142 813 1226 Alioquin
845 1141 880 1202 in
911 1139 1007 1202 domo
1036 1150 1139 1201 restra
1165 1139 1215 1201 rel
1242 1138 1326 1199 illius

378 1250 490 1311 dentur
505 1247 664 1310 inccndio,

374 1585 595 1648 EPISTOLA
617 1582 929 1648 CCXXXlll.-rn
950 1598 1121 1643 urcotnuu
1146 1598 1188 1642 ns
1213 1595 1322 1641 nourr

621 1702 771 1746 uernoru.
821 1681 1080 1761 [Λ.ι).1167-8.]

442 1837 578 1899 Nicolao
593 1838 632 1899 de
646 1842 751 1897 monte
765 1834 1016 1916 Rotlrumngensi
1029 1834 1129 1897 Joan·
1144 1835 1254 1899 Saree.

417 1966 576 2025 Drsstrnr
592 1964 751 2025 Dominus
766 1976 879 2044 gentes
894 1984 967 2046 quae
982 1962 1067 2024 bella
1082 1963 1202 2036 volunt,
1218 1972 1250 2024 et
1269 1959 1320 2045 qui

374 2088 406 2129 sc
423 2087 442 2127 a
457 2086 536 2148 pace
552 2064 613 2127 Dei
629 2065 791 2146 elongant,
806 2064 1024 2127 indubitanter
1042 2064 1202 2146 peribunt.
1247 2061 1324 2134 Quis

372 2180 632 2252 persequutorum
657 2168 801 2231 ecclesiae
826 2167 968 2229 ultricem
992 2165 1155 2229 dexteram
1178 2167 1252 2242 Dei,
1270 2163 1323 2249 qui

373 2279 519 2352 potentes
548 2270 709 2353 potentius
739 2270 842 2353 punit,
872 2269 988 2352 legitur
1023 2267 1182 2331 evasisse?
1229 2268 1322 2332 Unde

372 2369 503 2432 domino
523 2383 631 2433 nostro
656 2371 720 2452 regi
738 2371 876 2451 Angliae,
892 2391 986 2453 quem
1007 2369 1107 2447 Deus,
1122 2370 1151 2432 si
1172 2371 1208 2433 in
1229 2371 1322 2433 bene·

371 2471 785 2555 placitosuocst,optimum
797 2472 905 2535 saciat:
927 2470 1322 2555 ethaeredibussuiaquod

371 2571 439 2633 sine
467 2570 575 2634 dolore
603 2594 668 2635 non
694 2572 782 2646 dico,
808 2572 980 2656 plurimum
1006 2570 1183 2635 timendum
1212 2584 1260 2635 est
1285 2593 1322 2635 ne

370 2671 533 2734 scindatur
555 2694 688 2754 reguum
704 2694 824 2751 corum,
840 2683 873 2737 et
894 2685 1037 2756 potestas
1057 2673 1246 2749 infirmetur,
1262 2695 1323 2759 qua

370 2786 481 2838 contra
496 2775 663 2838 ecclesiam
688 2775 873 2839 abutuntur.
920 2777 1004 2838 Nam
1028 2776 1054 2837 si
1079 2775 1223 2840 differtur
1243 2779 1321 2840 ultio

368 2876 410 2940 ad
425 2876 656 2961 correptionem
676 2887 707 2939 et
730 2877 949 2959 probationem
967 2876 1114 2951 filiorum,
1132 2899 1215 2960 quos
1237 2893 1323 2962 pater

368 2981 546 3044 misericors
569 2979 703 3060 castigat
725 2990 760 3041 ut
783 2993 926 3055 coronet,
949 2999 1012 3040 non
1035 2988 1144 3041 tamen
1175 2981 1320 3043 aufertur.

369 3081 432 3143 Sed
457 3091 530 3162 post
552 3083 741 3145 Sanctorum
766 3081 952 3164 patientiam
976 3080 1007 3142 in
1035 3080 1151 3162 impios
1178 3081 1320 3144 acerbius

367 3181 590 3244 excandescet.
647 3183 752 3254 Quare
783 3202 893 3264 quaeso
925 3182 972 3243 vir
1006 3180 1262 3264 sapientissimus
1289 3193 1321 3246 et

368 3282 465 3344 tantis
481 3282 647 3345 virtutibus
662 3295 694 3346 et
709 3295 867 3366 potestate
881 3283 1090 3365 amplissima,
1102 3294 1134 3346 et
1148 3283 1212 3347 fere
1227 3285 1319 3348 bonis

368 3383 516 3445 omnibus
531 3383 669 3446 donatus
684 3407 703 3445 a
723 3385 865 3448 Domino
881 3407 945 3448 non
961 3385 1044 3448 redit
1066 3385 1107 3449 ad
1131 3408 1197 3463 cor,
1211 3398 1245 3450 et
1265 3386 1319 3470 qui

367 3497 414 3547 tot
429 3493 459 3545 et
474 3495 631 3547 tantarum
653 3487 779 3575 urbium
805 3487 944 3549 domitor
970 3498 1029 3564 est,
1044 3487 1317 3571 intemperantiam

366 3586 450 3649 banc
466 3585 594 3649 domare
609 3608 672 3649 non
688 3588 819 3671 potest?
849 3589 924 3666 Cur,
939 3589 1108 3653 ecclesiam
1126 3610 1317 3674 persequens

367 3687 459 3749 unice
476 3687 623 3752 dilectam
640 3709 759 3772 sponso
775 3690 852 3753 iram
870 3690 955 3752 illius
971 3700 1126 3773 provocat
1143 3690 1205 3773 qui
1220 3692 1318 3754 aufert

366 3788 519 3870 Spiritum
553 3789 744 3873 principum,
781 3803 813 3852 et
848 3790 1032 3853 sublimium
1069 3791 1154 3853 colla
1191 3791 1317 3875 propria

366 3888 470 3951 calcat
484 3888 620 3951 virtute?
653 3889 796 3971 profecto
813 3891 839 3952 si
856 3903 981 3973 saperet
996 3892 1028 3953 iu
1045 3910 1100 3953 eos
1123 3901 1316 3974 retorqueret

363 3987 593 4069 indignationis
609 4012 674 4052 suae
700 3991 840 4069 aculeos,
857 3991 912 4074 qui
936 4012 1008 4053 eum
1033 3992 1314 4056 circumvenientes

366 4090 399 4152 in
422 4089 484 4152 hoc
515 4112 579 4151 non
611 4091 779 4154 consilium
809 4092 866 4154 sed
894 4090 1108 4174 praecipitium
1131 4091 1315 4175 impellunt:

365 4204 397 4253 et
413 4192 524 4254 saltem
541 4191 717 4273 Babylonis
736 4213 842 4273 regem
860 4208 895 4256 ut
909 4213 948 4255 oo
964 4213 1032 4255 non
1046 4192 1226 4258 inveniatur
1248 4214 1315 4258 cru·

363 4293 465 4356 delior
479 4292 663 4371 imitaretur,
678 4293 733 4377 qui
748 4295 821 4357 illos
840 4295 979 4380 conjecit
1001 4295 1035 4356 in
1056 4296 1165 4359 laeum
1179 4297 1313 4371 leonum,

363 4417 496 4478 quorum
515 4394 649 4457 consilio
665 4394 741 4457 illuc
758 4393 934 4459 detruserat
949 4406 981 4458 et
1001 4396 1176 4461 incluserat
1200 4397 1313 4461 Danie-
