3384 5525
391 790 449 847 rto
644 804 778 848 tonsura
796 806 1076 852 sauasamuausrs
1245 794 1289 873 [a.
1306 816 1334 859 n.

443 1068 663 1132 EPISTOLA
687 1070 905 1134 CCXL.-ao
920 1091 1150 1137 aannnwtuun
1166 1094 1285 1140 anem-

531 1189 704 1232 nrscoucu
722 1190 950 1234 axomausaru.
978 1174 1021 1253 [A.
1036 1193 1066 1237 Ι).
1085 1177 1195 1255 1168.]

384 1332 527 1393 Jourmes
551 1331 676 1393 Sorech.
700 1331 860 1412 Mapislro
888 1334 1078 1397 Baldeudtto
1101 1337 1334 1401 Archidt'acotto

768 1436 959 1499 Escaniensi.

429 1575 496 1636 Uar
519 1573 559 1635 de
582 1574 672 1635 seriis
694 1572 807 1652 agitur,
830 1594 933 1652 nugas
955 1575 1169 1659 multiplicare
1192 1599 1258 1641 non
1281 1601 1331 1643 ex·

384 1674 489 1757 pedit:
517 1688 548 1737 et
568 1674 722 1737 indecens
743 1686 791 1735 est
816 1673 1025 1749 (medicorum
1047 1699 1133 1740 more
1157 1679 1330 1761 fallacium)

382 1799 479 1859 quum
489 1776 663 1838 necessitas
673 1773 759 1836 aliud
769 1774 1231 1859 exigit,amicisindigeutibus
1242 1784 1332 1845 rerba

382 1876 455 1938 dare
471 1897 528 1959 pro
544 1878 648 1938 rebus.
680 1876 774 1938 Nosti
790 1875 913 1957 pridem
929 1878 1137 1941 nominalium
1156 1889 1282 1945 luorum
1297 1904 1330 1947 eo

382 1978 458 2039 mihi
484 1979 590 2039 minus
613 1977 739 2059 placere
759 1978 947 2040 seutentiam
967 1980 1052 2062 quod
1073 1981 1107 2042 in
1133 1986 1330 2048 sermonibus

381 2091 447 2142 tota
457 2080 634 2141 consistens
644 2078 811 2140 utilitatem
824 2101 926 2141 rerum
936 2101 1000 2143 non
1011 2085 1329 2169 assumpserit,quum

381 2193 503 2244 rectum
534 2180 730 2262 sapientibus
761 2179 931 2243 indubium
961 2182 1003 2244 sit
1028 2183 1116 2265 quod
1141 2206 1191 2248 res
1221 2189 1330 2269 quaerit

378 2285 583 2369 philosophia
597 2305 660 2343 non
674 2282 777 2343 verba.
811 2284 857 2345 Ut
871 2304 947 2363 ergo
962 2284 1225 2367 compendiosius
1241 2311 1328 2371 agam

379 2405 482 2453 tecum
507 2407 647 2449 meorum
672 2407 758 2447 more
781 2385 922 2463 realium,
940 2407 981 2448 ex
996 2387 1109 2450 litteris
1133 2409 1206 2471 quae
1221 2402 1326 2454 nostro

379 2491 557 2556 Benedicto
574 2488 702 2550 directae
717 2499 791 2550 suut
814 2488 946 2568 colliges
962 2489 994 2550 in
1011 2510 1075 2572 quo
1091 2490 1220 2555 calculo
1236 2515 1326 2557 causa

378 2594 548 2661 sacerdotii
571 2605 712 2653 versetur
742 2601 774 2652 ct
800 2591 900 2668 regni.
950 2590 1027 2652 Tibi
1050 2613 1124 2655 vero
1151 2592 1327 2675 specialiter

376 2696 579 2766 scribendum
605 2692 725 2769 censui,
752 2690 838 2775 quod
864 2692 988 2753 interim
1014 2694 1140 2775 gravius
1164 2697 1325 2760 exulcerat

374 2804 512 2869 animam
539 2819 652 2874 meam,
679 2808 712 2858 et
741 2815 796 2857 cor
820 2809 921 2872 tuum,
947 2805 982 2857 ut
1011 2793 1156 2875 arbitror,
1181 2799 1323 2862 acerbius

374 2920 459 2973 uret:
484 2906 511 2969 si
527 2914 631 2967 tamen
648 2920 755 2961 vemm
772 2909 820 2960 est
835 2895 922 2980 quod
937 2896 977 2961 de
993 2898 1199 2979 Wigomensi
1220 2911 1323 2964 nostro

371 3009 548 3078 inauribus
569 3005 738 3067 multorum
761 2999 936 3079 divulgavit
949 3000 1034 3063 fama
1055 3001 1221 3064 celebrior.
1266 3000 1321 3064 Di·

372 3121 455 3182 citur
478 3112 562 3175 enim
587 3103 675 3188 quod
699 3100 934 3184 imprudentius
960 3112 992 3164 et
1015 3101 1236 3184 impudentius
1258 3123 1320 3166 ver·

373 3229 459 3281 satus
475 3226 522 3276 est
536 3213 568 3273 in
589 3228 686 3270 causa
704 3203 946 3286 archiepiscopo
961 3216 993 3266 et
1008 3205 1241 3268 consecratoris
1263 3204 1319 3274 sui,

372 3328 504 3384 conatus
526 3333 567 3373 ex
589 3331 628 3370 co
647 3308 681 3369 in
702 3306 872 3389 praesentia
894 3306 1116 3388 episcoporum
1138 3317 1171 3369 et
1191 3307 1320 3369 aliorum

371 3420 487 3483 docere
518 3431 646 3475 causam
677 3408 797 3471 domini
827 3408 1068 3471 Cantuariensis
1097 3429 1163 3471 uon
1193 3408 1253 3472 niti
1282 3407 1319 3469 de

370 3518 550 3587 sinceritate
567 3512 712 3596 justitiae,
727 3531 785 3573 uec
803 3511 949 3573 ecclesiae
971 3530 1112 3591 quoerere
1132 3509 1319 3582 libertatem,

370 3625 425 3690 sed
449 3621 607 3683 duntaxat
623 3636 694 3697 qum
718 3634 775 3675 sua
797 3623 882 3687 sunt,
904 3633 969 3674 non
992 3633 1065 3695 quae
1087 3612 1168 3675 Jesu
1191 3609 1317 3687 Christi,

370 3728 445 3812 quia
460 3720 572 3786 cedere
594 3738 659 3779 non
678 3717 745 3777 vult
766 3735 804 3776 ea
824 3713 1010 3776 conditione
1033 3723 1069 3775 ut
1090 3734 1149 3775 rex
1165 3723 1316 3797 perpetuo

368 3824 525 3893 concedat
539 3820 677 3881 debitam
693 3815 839 3878 ecclesiae
854 3813 1042 3877 libertatem.
1081 3812 1212 3876 Dicitur
1226 3814 1316 3876 etiam

366 3929 520 4014 adjecisse
558 3918 740 3983 insultando
778 3940 812 3980 se
849 3929 991 4000 paratum
1023 3937 1094 3978 esse
1131 3917 1315 3980 renunciare

365 4025 563 4115 episcopatui
589 4044 647 4084 suo
673 4022 732 4082 sub
760 4019 872 4082 eodem
901 4030 1006 4101 pacto.
1053 4015 1151 4090 Quod
1174 4029 1210 4080 ut
1232 4017 1314 4080 aiunt

364 4155 422 4198 nec
438 4131 501 4194 illis
516 4125 649 4209 placuit,
664 4123 719 4204 qui
734 4123 818 4184 hanc
834 4121 1005 4202 puritatem
1019 4119 1123 4203 ipsius
1138 4118 1313 4191 audierunt,

363 4251 429 4301 tum
446 4252 502 4315 pro
522 4245 658 4309 persona
680 4222 818 4285 dicentis
838 4242 936 4304 quam
955 4220 1145 4302 diligebant,
1160 4229 1193 4282 at
1207 4218 1311 4300 opina·

362 4343 481 4403 bantur
496 4327 629 4393 sanioris
651 4346 721 4388 esse
745 4323 873 4386 consilii
893 4333 926 4385 et
941 4321 1135 4385 voluntatis:
1158 4331 1227 4383 tum
1243 4316 1311 4403 quia

361 4435 576 4526 perniciosum
600 4437 684 4490 esset
706 4424 875 4507 exemplo:
901 4433 969 4485 tum
993 4421 1070 4505 quia
1092 4419 1187 4484 lacile
1210 4422 1310 4503 posset
