3384 5525
372 798 433 855 198
633 807 769 852 ronnurs
784 806 1067 851 sanssanmansrs
1234 790 1280 869 [s.
1301 809 1330 851 n.

376 984 449 1025 cum
466 959 566 1023 lilium
579 959 662 1043 regis
680 957 806 1041 Angliae
822 956 889 1040 regi
903 956 1097 1021 Francorum
1112 957 1331 1042 proomnibus

376 1063 551 1125 hominium
572 1059 694 1134 fecisse,
716 1058 847 1143 quando
869 1057 951 1121 inter
970 1056 1074 1143 ipsum
1091 1074 1123 1122 et
1139 1058 1238 1121 tiliam
1251 1060 1334 1143 ejus-

377 1162 448 1226 dem
466 1161 549 1245 regis
565 1157 690 1243 Angliae
706 1156 864 1242 sponsalia
875 1168 1038 1220 contracta
1053 1169 1137 1222 sunt.

421 1267 597 1346 Receperat
626 1272 700 1323 ante
734 1280 853 1343 pancos
883 1258 949 1321 dies
982 1280 1036 1320 rex
1068 1257 1251 1342 Anglorum
1278 1280 1333 1344 per

377 1365 521 1427 sanctiss.
544 1362 648 1425 virum
665 1360 801 1445 priorem
818 1360 858 1422 de
874 1372 980 1423 monte
997 1358 1069 1436 Dei,
1081 1360 1192 1444 etjam
1210 1359 1332 1424 dictum

339 1519 347 1533 .
377 1465 575 1529 Bernardum
592 1464 631 1526 de
655 1460 887 1527 Grandimonte
904 1483 962 1544 pro
986 1461 1207 1525 Cantuariensi
1230 1459 1331 1524 arohi-

375 1568 523 1653 episcopo
545 1562 799 1628 commonitorias
826 1561 946 1624 domini
969 1582 1072 1647 papae,
1103 1584 1242 1646 quarum
1272 1562 1329 1626 tibi

375 1668 557 1755 exemplum
581 1666 684 1745 mitto,
706 1665 858 1749 pacisque
880 1663 1054 1749 probandae
1076 1686 1164 1749 spem
1187 1663 1329 1742 dederat,

375 1774 401 1835 si
417 1771 512 1835 modo
534 1768 685 1833 dominus
708 1768 861 1829 Cantuar.
886 1765 914 1829 ei
929 1788 1035 1830 coram
1057 1766 1241 1831 hominibus
1263 1789 1330 1853 spe-

374 1875 451 1939 ciem
483 1872 674 1937 humilitatis
701 1869 926 1955 praetenderet,
955 1886 1221 1957 persuaseratque
1254 1872 1330 1936 viris

375 1976 530 2059 religiosis
546 1973 634 2060 quod
649 1995 723 2036 eum
738 1972 769 2034 in
784 1972 870 2035 omni
886 1971 1005 2036 honora
1022 1986 1054 2037 et
1070 1973 1217 2038 libertate
1232 1974 1328 2038 eccle·

375 2079 429 2143 siae
446 2077 543 2142 totius
566 2078 654 2161 regni
678 2088 749 2160 post
764 2097 797 2137 se
819 2074 983 2137 dominum
999 2088 1031 2140 et
1055 2075 1231 2162 principem
1258 2098 1329 2141 con-

374 2182 508 2244 stituere
531 2178 731 2264 disponebat,
754 2177 839 2241 unde
861 2177 1046 2240 eorumdem
1062 2177 1194 2241 consilio
1208 2178 1330 2244 accitus

374 2282 628 2368 archiepiscopus
657 2302 772 2363 arege
803 2277 1084 2356 Christianissimo,
1113 2302 1187 2343 cunr
1214 2302 1331 2344 coexu·

373 2384 511 2449 lantibus
526 2382 585 2447 sibi
600 2381 676 2446 huic
685 2380 846 2465 colloquio
858 2378 1017 2457 interfuit,
1032 2394 1064 2446 et
1080 2380 1112 2444 in
1126 2384 1215 2445 omni
1227 2381 1329 2446 hurni-

371 2486 461 2550 litate
475 2485 566 2548 flexis
580 2483 717 2568 genibus
731 2482 772 2546 ad
786 2481 871 2566 regis
886 2482 936 2547 sui
951 2482 1048 2567 pedes
1062 2483 1192 2548 accessit
1206 2484 1240 2547 in
1256 2506 1329 2549 oon-

373 2600 483 2672 spectu
498 2586 659 2649 omnium:
685 2586 743 2647 hac
758 2584 862 2647 forma
878 2584 1050 2649 verborum
1062 2597 1174 2652 utens:
1197 2588 1219 2621 “
1235 2590 1326 2652 mise-

373 2688 483 2753 remini
498 2687 571 2765 mei‚
593 2685 743 2761 Domine,
768 2686 843 2771 quia
865 2706 951 2772 pono
976 2708 1027 2750 me
1049 2685 1080 2749 in
1097 2690 1168 2751 Deo
1190 2700 1223 2753 et
1239 2689 1329 2753 vobis

372 2793 414 2857 ad
430 2793 578 2856 bonorem
596 2788 657 2853 Dei
672 2801 703 2852 et
721 2789 891 2852 vestrum.’'
914 2787 978 2854 Sed
994 2811 1050 2853 rex
1065 2789 1123 2875 qui
1133 2811 1244 2875 paoem
1257 2813 1331 2877 pro.

372 2895 501 2959 miserat
526 2890 675 2966 ccclesiae,
702 2890 781 2953 dum
809 2889 942 2955 timebat
966 2912 1055 2957 snam
1078 2915 1172 2977 posse
1194 2894 1328 2973 turbari,

372 2995 569 3061 successibus
584 2991 673 3057 novis
683 2990 786 3056 elatus
801 2990 950 3076 prorupit
966 2991 997 3056 in
1014 2993 1240 3058 contumeliam
1253 3017 1328 3081 sup·

371 3098 530 3182 plicantis,
553 3108 585 3159 et
606 3091 807 3178 impudentia
830 3090 982 3176 loquendi
1005 3094 1193 3177 promeruit,
1217 3107 1254 3159 ut
1269 3096 1326 3180 qni

372 3210 466 3260 antea
487 3196 592 3259 minus
614 3214 720 3268 verus,
736 3214 821 3255 nunc
835 3214 855 3254 a
871 3192 1003 3256 Francis
1024 3192 1180 3258 habeatur
1194 3208 1227 3260 et
1242 3196 1330 3260 inur-

370 3299 482 3359 banus.
527 3297 572 3358 Et
597 3306 633 3357 ut
656 3315 782 3356 causam
805 3314 907 3369 suam,
931 3315 1027 3379 quam
1049 3316 1159 3359 omnes
1180 3296 1326 3382 iniquam

371 3408 534 3473 noverant,
556 3415 659 3457 coram
681 3392 877 3456 sanctissimo
899 3416 973 3478 rege
987 3406 1020 3459 et
1038 3394 1107 3460 aliis
1129 3396 1328 3484 principibus

364 3498 567 3581 justificaret,
582 3494 790 3560 contumelias
804 3507 837 3559 et
857 3495 982 3562 fabulas
1003 3497 1063 3562 hoc
1077 3497 1141 3563 fine
1155 3501 1326 3566 concludit.

372 3607 393 3640 “
410 3598 511 3678 Nihil,
533 3596 660 3662 domine
675 3596 719 3660 mi
735 3619 791 3661 rex
806 3608 838 3662 et
855 3622 910 3663 vos
922 3600 1022 3664 sancti
1043 3601 1150 3664 viriet
1166 3602 1327 3689 principes

370 3700 425 3785 qui
440 3699 569 3777 adestis,
584 3698 673 3763 aliud
695 3698 737 3763 ab
751 3698 990 3787 archiepiscopo
1009 3713 1096 3787 peto,
1112 3702 1173 3766 nisi
1195 3717 1235 3768 ut
1250 3703 1327 3768 mihi

368 3815 470 3867 servet
493 3801 737 3866 consuetudines
760 3824 841 3886 quas
863 3802 1007 3888 quinque
1029 3804 1167 3888 proximi
1183 3819 1327 3870 anteces-

369 3926 454 3967 sores
477 3903 539 3979 sui,
569 3923 705 3987 quorum
737 3902 838 3987 aliqui
867 3905 968 3969 sancti
993 3917 1080 3980 sunt,
1107 3917 1139 3970 et
1164 3907 1326 3972 miraculis

368 4017 546 4079 coruscant,
561 4003 640 4067 meis
656 4004 919 4083 observaverunt,
938 4028 1020 4092 quas
1034 4019 1066 4071 et
1081 4008 1152 4094 ipse
1168 4009 1324 4094 promisit,

365 4116 397 4168 et
427 4102 486 4167 hoc
517 4103 548 4166 in
579 4103 748 4188 praesentia
778 4119 884 4170 vestra
914 4118 1068 4191 tanquam
1099 4109 1271 4194 presbyter
1291 4121 1322 4174 et

365 4206 534 4292 episcopus
549 4203 694 4268 similiter
709 4204 776 4269 sine
792 4205 876 4270 malo
891 4206 1018 4292 ingenio
1033 4207 1111 4271 mibi
1121 4207 1319 4294 polliceatur.

366 4309 447 4371 Haec
457 4317 505 4370 est
517 4308 602 4369 enim
614 4305 779 4370 solacausa
790 4307 994 4373 dissensionis
1003 4309 1087 4373 inter
1099 4331 1150 4372 me
1160 4320 1193 4374 et
1202 4309 1319 4396 ipsum,

366 4408 451 4495 quod
468 4430 522 4472 eas
538 4404 693 4491 infringit,
710 4418 742 4471 et
758 4407 913 4492 quasdam
930 4429 1038 4474 earum
1054 4431 1126 4474 cum
1138 4408 1320 4476 observato-
