3384 5525
475 796 516 853 38
733 804 869 850 roansra
884 800 1158 847 sanasnrmansrs
1335 784 1386 859 [a.
1404 802 1438 849 n.

476 972 508 1023 et
534 960 689 1042 impendii
714 957 899 1041 temporalis
924 966 1076 1018 aeternum
1104 953 1344 1037 compendium.
1393 956 1443 1019 Et

478 1059 619 1143 quidem,
633 1070 668 1123 nt
685 1060 808 1145 justum
824 1070 883 1137 est,
899 1058 1006 1138 magni
1022 1056 1105 1119 secio
1126 1068 1258 1119 terreuae
1272 1056 1442 1120 facultatis

478 1161 632 1239 subsidia,
646 1161 703 1224 sed
726 1160 826 1243 pluris
848 1169 923 1221 sunt
943 1157 1057 1220 solatia
1079 1157 1155 1220 recti
1175 1158 1404 1242 consiliique
1420 1179 1441 1222 a

479 1264 570 1326 robis
593 1262 809 1326 indesinenter
829 1262 962 1344 recipio,
978 1272 1010 1322 et
1030 1259 1228 1323 adminicula
1248 1278 1332 1322 rcrae
1352 1260 1440 1337 vitae,

479 1365 676 1428 monimenta
690 1364 827 1428 dixerim
844 1374 878 1428 et
891 1363 1101 1426 instrumenta
1116 1360 1292 1444 sapientie.

521 1465 629 1529 Causa
660 1486 736 1546 ergo
768 1464 949 1547 frequenter
986 1461 1146 1525 scribendi
1177 1461 1279 1537 robis,
1309 1458 1436 1545 duplex

479 1568 559 1631 mihi
572 1578 638 1631 est:
662 1565 764 1652 primo
785 1575 821 1629 nt
840 1577 955 1629 statum
973 1575 1123 1636 vestrum,
1145 1584 1241 1646 quem
1260 1562 1438 1646 periclitari

481 1670 587 1746 timeo,
602 1669 775 1755 explorans
791 1665 985 1730 satisfaciam
1002 1663 1231 1726 sollicitudini:
1256 1662 1389 1728 Deinde
1403 1674 1439 1730 ut

480 1784 583 1835 vestra
605 1770 775 1854 prudentia
796 1770 942 1843 instruar,
957 1766 1092 1850 qualiter
1114 1787 1165 1829 me
1188 1764 1229 1829 ad
1252 1765 1359 1829 varios
1375 1767 1436 1829 for·

479 1887 564 1936 tnnae
595 1884 701 1935 motus
729 1880 873 1953 oporteat
901 1868 1094 1951 praemuniri.
1137 1867 1278 1931 Proinde
1309 1868 1439 1950 placeat

480 1986 593 2037 restrae
620 1971 797 2053 dignationi
819 1971 992 2034 rescribere
1019 1966 1170 2054 quatinus
1197 1991 1270 2034 cnm
1301 1969 1437 2034 domino

480 2098 555 2156 rege
578 2073 793 2157 processeritis
816 2073 848 2134 in
864 2074 960 2135 verbo
982 2073 1083 2154 pacis,
1104 2071 1182 2155 quid
1204 2084 1313 2135 actum
1335 2072 1378 2136 sit
1401 2073 1435 2138 in

482 2177 578 2241 carim
593 2175 796 2252 Pictariensi,
811 2174 868 2237 ubi
890 2174 1044 2237 credibile
1060 2185 1109 2238 est
1124 2174 1237 2257 vulpes
1252 2174 1363 2238 loreas
1385 2174 1433 2238 in·

482 2278 607 2341 venisse
618 2278 803 2341 etrolucres
814 2276 887 2339 omli
902 2274 1007 2350 nidos,
1017 2286 1050 2338 et
1061 2276 1200 2357 parvulo,
1213 2275 1305 2359 cujus
1320 2276 1437 2341 natalis

481 2380 711 2456 celebrabatur,
722 2399 804 2462 pene
817 2376 1053 2440 reclinatorium
1067 2376 1215 2441 debriare.
1253 2376 1435 2462 conjicitur

481 2481 565 2544 anim
589 2479 754 2562 Radulphi
769 2479 809 2542 de
826 2478 904 2541 Faia
926 2478 1071 2559 spiritum
1092 2478 1138 2541 ibi
1160 2478 1385 2560 praepotuisse,
1400 2490 1434 2543 ut

480 2596 512 2646 et
526 2583 690 2666 propbetae
705 2591 738 2644 et
752 2601 917 2664 praecones
932 2579 1042 2661 palatii
1058 2579 1205 2643 inebriati
1222 2579 1287 2642 sint
1302 2579 1387 2644 dolis
1401 2591 1434 2646 et

481 2685 656 2749 temeritate
681 2683 776 2746 illius.
823 2683 944 2766 Utique
974 2690 1065 2743 retus
1094 2680 1297 2765 proverbium
1321 2693 1371 2748 est
1400 2690 1432 2745 et

480 2790 567 2874 quod
590 2787 805 2870 Vespasianus
826 2788 990 2866 Angustus
1011 2784 1045 2847 in
1067 2805 1101 2847 se
1128 2783 1251 2848 dictum
1275 2784 1433 2867 patienter

478 2889 611 2966 audivit,
634 2890 771 2971 Vulpem
793 2906 889 2969 posse
912 2893 1032 2948 mutare
1055 2884 1167 2966 pilum,
1189 2905 1255 2948 non
1278 2884 1431 2949 animum.

479 2991 624 3055 Tradunt
647 2991 742 3054 etiam
767 2988 824 3072 qui
848 2987 888 3050 de
911 2985 1097 3049 animalium
1121 2986 1276 3068 scripsere
1299 2986 1435 3064 naturis,

479 3092 556 3174 quia
584 3093 646 3154 hoc
681 3112 781 3172 genus
810 3088 956 3152 animalia
990 3088 1078 3150 nullo
1115 3108 1257 3171 unquam
1287 3097 1433 3174 tempore

479 3191 682 3254 mansuescit.
726 3191 772 3251 Et
786 3186 922 3251 Offcllus

619 3295 674 3356 Qui
685 3298 772 3350 noaret
782 3291 852 3364 vulpi
864 3292 948 3347 sulcos
960 3295 1058 3346 variare
1070 3312 1177 3348 neeesse
1189 3301 1239 3348 ert.

481 3393 547 3457 Sed
570 3389 699 3453 confido
722 3389 809 3473 quod
825 3410 880 3451 vos
902 3390 964 3451 etsi
987 3412 1052 3453 non
1076 3389 1299 3470 inconcussos,
1314 3392 1431 3458 nlaesos

480 3506 586 3560 tamen
609 3491 709 3573 gratia
730 3491 945 3555 conservarit:
969 3492 1053 3564 Quia
1073 3492 1204 3556 frustms
1220 3493 1345 3577 jacitur
1367 3508 1431 3560 rete

484 3608 556 3660 ante
572 3595 683 3658 oculos
698 3603 918 3677 pennatorum.
964 3593 1079 3657 Precor
1094 3594 1187 3658 etiam
1204 3606 1250 3672 ut,
1265 3597 1435 3681 perpensis

480 3698 531 3762 bis
554 3717 625 3780 qum
650 3694 760 3758 nuncii
783 3692 905 3756 domini
931 3693 1016 3774 regis
1039 3695 1214 3776 Auglorum
1238 3691 1432 3761 dicuntura

479 3799 556 3863 sede
567 3797 755 3881 Apostoliea
763 3796 961 3878 impetrasse,
976 3797 1166 3873 rescribatis,
1177 3797 1315 3880 qualiter
1330 3797 1431 3862 demi·

479 3920 557 3965 num
573 3896 842 3971 cantuariensem,
859 3907 892 3960 et
907 3918 957 3960 me
978 3908 1042 3960 tam
1058 3919 1133 3978 erga
1156 3897 1432 3976 cantuariensem,

480 4021 575 4084 quam
596 4021 702 4080 regem
728 3997 793 4061 sire
815 3999 938 4079 legatos
963 3999 1079 4062 versari
1102 4010 1256 4082 oporteat.
1302 4002 1389 4065 Nam
1404 3999 1431 4065 ai

478 4101 656 4163 rumoribus
676 4096 762 4160 credi
781 4108 917 4180 oportet,
935 4109 966 4162 et
986 4098 1237 4163 adversariorum
1250 4099 1429 4184 jactantiae,

477 4223 534 4265 rex
557 4200 647 4283 plura
670 4198 828 4283 postulare
850 4198 954 4263 timuit
976 4212 1032 4264 aut
1053 4201 1190 4278 erubuit,
1205 4223 1303 4286 qnam
1325 4204 1430 4268 Roma

475 4303 552 4389 pati.
598 4304 700 4386 Spero
721 4310 825 4363 tumen
849 4302 936 4385 quod
959 4302 1107 4366 dominus
1130 4325 1215 4386 papa
1234 4304 1361 4388 aliquid
1381 4327 1427 4369 re·

475 4404 643 4469 servaverit
663 4401 767 4468 solatii
784 4404 865 4485 parti
881 4413 1008 4481 nostrae,
1024 4404 1121 4468 immo
1138 4426 1204 4469 sum
1219 4417 1252 4469 et
1267 4407 1427 4471 Ecclesiae
