3384 5525
312 728 421 809 lieu]
686 746 865 792 aersrourr.
1242 733 1263 789 o

309 900 398 964 denti
420 900 552 976 credidi,
574 920 642 963 sum
665 898 880 984 proscriptus:
908 899 960 962 cui
979 898 1174 982 quicumque
1195 920 1260 962 non

310 1002 419 1080 credit,
434 1005 528 1085 longe
544 1002 754 1087 periculosius
769 1002 994 1085 proscribetur.
1025 1002 1109 1064 Nam
1124 1001 1158 1062 in
1174 1022 1261 1064 com·

308 1104 537 1167 minationibus
553 1114 586 1167 et
600 1102 764 1187 promissis
779 1112 827 1165 est
842 1123 932 1184 aeque
949 1100 1063 1164 fidelis.

352 1206 424 1268 Nec
448 1206 522 1269 dico
546 1205 631 1289 quod
658 1226 764 1281 omne,
787 1204 864 1267 licet
886 1224 905 1265 a
930 1203 1014 1265 malo
1037 1202 1199 1286 procedat,
1221 1204 1263 1267 sit

309 1302 455 1367 illicitum
466 1306 691 1389 juramentum.
719 1304 829 1366 Habet
844 1304 930 1366 enim
944 1301 1102 1366 interdum
1117 1304 1260 1366 veniam:

310 1406 363 1467 cui
374 1408 466 1468 locus
479 1407 611 1468 omnino
626 1426 692 1467 non
707 1414 767 1479 est,
779 1404 844 1467 nisi
859 1427 956 1488 quum
968 1406 1260 1490 occurrenticulpae

310 1508 391 1569 ratio
406 1507 533 1568 reniam
547 1507 733 1589 impetrarit.
756 1507 882 1568 Locum
897 1507 993 1567 istum
1005 1519 1168 1588 praetereo,
1179 1508 1263 1585 Deo,

311 1608 421 1689 potius
436 1606 671 1670 discutiendum
687 1615 719 1668 et
735 1603 941 1668 conscientiis
959 1605 1165 1686 singulorum,
1178 1629 1220 1670 ne
1235 1608 1264 1670 si

312 1709 391 1791 quid
414 1708 565 1790 argutiuS,
580 1718 675 1791 prout
696 1707 777 1770 ratio
799 1707 952 1788 suggerit,
971 1708 1143 1790 eloquutus
1164 1709 1264 1787 suero,

312 1811 347 1873 in
371 1812 516 1888 aliorum,
537 1820 570 1872 et
594 1810 726 1872 fortasse
751 1809 984 1887 innocentium,
1008 1810 1063 1892 qui
1083 1808 1266 1891 juramenta

311 1912 535 1993 praestiterunt,
550 1910 785 1990 sugillationem
809 1910 918 1973 ridear
937 1909 1082 1993 spiritum
1102 1910 1262 1974 effudisse.

312 2014 402 2075 Malo
420 2011 505 2074 enim
528 2012 755 2075 moderationis
776 2011 904 2075 habena
925 2012 1084 2074 calamum
1103 2012 1264 2091 cohibere,

312 2136 407 2198 qnam
424 2114 549 2176 Divinae
564 2114 645 2194 legis
660 2114 812 2177 articulos
833 2134 1016 2193 congerere,
1031 2113 1087 2197 qui
1103 2114 1164 2177 etsi
1178 2122 1265 2178 recte

311 2216 425 2299 prolati
446 2214 574 2292 fuerint,
595 2214 753 2277 interdurn
778 2236 846 2277 non
872 2215 936 2277 nisi
962 2215 1003 2277 ad
1026 2216 1263 2279 subversionem

311 2316 486 2399 proficiunt
504 2315 692 2379 auditorum.
737 2316 880 2379 Transeo
896 2338 971 2397 ergo
992 2315 1034 2380 ad
1048 2317 1113 2393 illa,
1129 2338 1265 2401 quorum

312 2423 346 2476 tu
357 2411 475 2476 dedisti
485 2414 659 2492 materiam,
672 2435 764 2477 orans
776 2423 809 2477 et
819 2415 1003 2493 obsecrans,
1014 2426 1049 2478 ut
1059 2437 1124 2478 non
1136 2414 1266 2479 deficiat

310 2515 391 2578 fides
412 2524 477 2588 tua,
492 2537 552 2578 nec
574 2515 685 2578 credas
707 2515 830 2600 spiritui
853 2537 971 2593 eorum,
987 2516 1042 2600 qui
1063 2538 1157 2580 suum
1176 2518 1266 2601 Nep·

312 2628 425 2678 lunum
448 2626 629 2699 sequentes,
651 2618 723 2699 ipso
746 2618 908 2680 mediante
931 2629 1102 2701 properant
1127 2618 1168 2682 ad
1191 2619 1266 2682 Plu-

313 2725 434 2795 tonem,
445 2728 478 2781 et
492 2718 696 2783 descendunt
709 2719 743 2781 in
759 2720 919 2782 infernum
930 2720 1085 2784 viventes.
1114 2721 1265 2803 Loquen-

314 2832 365 2882 tur
393 2820 518 2882 interim
553 2842 625 2903 quae
660 2823 828 2898 voluerint,
859 2821 1011 2905 jactitent
1044 2843 1079 2884 se
1114 2822 1268 2884 adversus

311 2921 476 2986 Christum
488 2922 620 2983 Domini
634 2923 840 3004 praevaluisse
854 2923 888 2983 in
900 2923 1040 2984 vanitate
1051 2944 1119 2998 sua,
1130 2919 1266 3006 perditio

312 3046 422 3088 eorum
445 3024 550 3086 adstat
575 3046 633 3107 pro
657 3025 790 3100 foribus,
816 3045 951 3107 quorum
976 3020 1127 3105 gaudium
1151 3036 1200 3088 est
1224 3023 1267 3088 ad

312 3127 413 3190 instar
427 3126 553 3209 puncti,
570 3137 603 3189 et
618 3126 720 3208 gloria
734 3125 827 3207 ignis,
843 3133 978 3202 stercus,
994 3135 1025 3189 et
1041 3127 1163 3191 vermis.
1195 3127 1267 3200 Qua

315 3228 418 3303 via,in
433 3227 532 3303 brevi,
546 3228 618 3290 Deo
633 3228 840 3310 propitiante,
854 3228 954 3291 scies:
978 3238 1012 3291 et
1022 3228 1159 3292 tinnient
1174 3251 1266 3294 aures

313 3351 421 3393 eorum
437 3349 457 3391 a
472 3329 574 3391 sibilis
590 3340 622 3392 et
637 3330 775 3392 clamore
797 3327 951 3403 fidelium,
968 3331 1086 3413 quibus
1107 3351 1264 3415 pauperes

314 3432 433 3496 Christi
454 3431 582 3494 fuerunt
595 3430 630 3493 in
653 3432 781 3494 sibilum
797 3441 830 3494 et
851 3432 984 3495 irrisum.
1030 3433 1100 3495 Nec
1125 3433 1263 3512 dubites,

314 3533 377 3596 nisi
391 3533 472 3595 forte
493 3532 551 3594 tibi
566 3552 754 3615 persuasum
776 3532 819 3594 sit
832 3533 981 3596 mortales
1003 3555 1070 3597 non
1085 3556 1154 3599 esse
1170 3537 1265 3599 mori·

312 3644 410 3704 turos,
426 3633 501 3717 quin
517 3633 550 3694 in
567 3633 758 3696 sententiam
773 3634 983 3696 anathematis
997 3647 1199 3718 reponantur,
1211 3637 1266 3721 qui

311 3734 422 3799 fraude
445 3733 574 3800 tacendi
596 3745 628 3800 et
649 3733 813 3797 metuendi
837 3735 955 3798 astutia
979 3737 1108 3800 meritos
1132 3738 1264 3821 laqueos

313 3838 459 3902 ridentur
474 3836 621 3900 erasisse.

357 3940 434 4002 Hoc
449 3950 555 4002 autem
570 3938 682 4000 amicis
700 3939 826 4018 nostris,
842 3939 870 4002 si
886 3941 943 4023 qui
957 3952 1064 4004 tamen
1077 3941 1177 4004 nostri
1192 3941 1265 4020 sint,
1304 3966 1308 3972 ·

310 4063 377 4105 nou
407 4040 551 4116 fortunae,
578 4039 766 4122 persuadere
796 4042 989 4120 memineris,
1014 4053 1049 4105 ut
1074 4065 1140 4106 non
1166 4044 1265 4106 fleant

312 4162 485 4227 supernos.
515 4143 560 4204 Et
572 4141 693 4205 utinam
704 4162 842 4224 superse
853 4143 941 4227 ipsos
952 4145 1027 4206 flere
1040 4165 1105 4206 non
1115 4144 1264 4207 debeant.

313 4244 575 4317 Quianobiscum
585 4243 987 4325 agitAltissimus,verbere
998 4255 1102 4308 tamen
1113 4245 1264 4319 deducto,

314 4346 475 4428 quomodo
510 4360 599 4429 pater
629 4347 850 4411 serenissimus
879 4370 953 4411 cum
990 4348 1065 4409 filiis
1095 4346 1265 4408 carissimis
