3384 5525
499 772 559 833 lau
776 786 913 831 scaurus
929 784 1207 830 sauusuuarnusrs
1361 769 1407 850 [t.
1424 791 1455 834 u.

499 963 720 1027 EPISTOLA
733 964 1002 1028 cextra-io
1015 981 1224 1027 uacuwrunu
1237 982 1455 1030 nxorrrcusrcu

570 1081 861 1127 ancnruracouun.
911 1064 955 1143 [a.
968 1082 998 1125 n.
1019 1068 1113 1127 1168.
1128 1065 1384 1147 Meneclium]

530 1216 702 1278 Boldwino
719 1216 897 1278 liconiensi
913 1214 1138 1279 archidiacono
1153 1216 1301 1281 Joonnec
1316 1217 1428 1283 Saru-

899 1318 1058 1382 heriensis.

542 1453 596 1517 Ex
622 1474 687 1536 qno
709 1472 860 1535 prospere
884 1472 941 1533 per
964 1451 1099 1533 gratiam
1125 1451 1189 1514 Dei
1211 1453 1299 1517 circa
1321 1454 1456 1519 mediam

500 1556 772 1640 quadragesimam
788 1576 807 1617 a
822 1565 932 1617 sancto
948 1552 1079 1635 AEgidio
1102 1575 1246 1618 reversus
1263 1576 1346 1635 sum,
1361 1568 1457 1634 tuam,

501 1658 729 1737 (dilectissime)
747 1677 842 1739 super
857 1656 909 1720 his
923 1676 996 1740 quae
1012 1655 1045 1717 in
1061 1656 1198 1719 Francia
1213 1667 1247 1720 et
1261 1658 1356 1721 ltalia
1372 1680 1457 1740 gere-

499 1761 616 1823 bantur
629 1759 819 1842 praemunire
836 1755 964 1820 decrevi
981 1756 1153 1819 caritatem.
1189 1756 1265 1821 Scio
1280 1759 1369 1822 enim
1386 1760 1459 1843 quia

501 1860 659 1923 interdum
683 1857 826 1942 expedit,
849 1871 881 1922 et
904 1879 989 1942 saepe
1008 1856 1190 1941 jucundum
1213 1870 1274 1935 ost,
1297 1882 1458 1943 praenosse

500 1974 680 2044 temporum
696 1971 814 2039 motus,
825 1970 859 2023 et
873 1961 966 2042 quasi
983 1960 1116 2024 satorum
1132 1961 1247 2024 seriem
1261 1983 1304 2025 ex
1319 1962 1371 2025 his
1386 1986 1457 2048 quae

498 2074 578 2125 nutu
603 2062 709 2125 divino
734 2062 912 2124 mortalium
937 2063 1139 2144 praeveniunt
1162 2074 1285 2128 mentes
1313 2076 1456 2129 contem-

499 2164 589 2245 plari.
624 2164 688 2226 Sed
705 2162 834 2247 quiade
851 2184 931 2245 pace
948 2185 1056 2245 regum
1073 2166 1278 2241 tractabatur,
1294 2176 1327 2229 et
1341 2168 1368 2230 F
1369 2167 1456 2231 rede·

499 2264 596 2342 ricus,
612 2265 729 2328 sractus
744 2264 877 2328 crimine
892 2274 924 2326 et
939 2266 1115 2347 pertinacia
1133 2266 1317 2330 schismatis
1332 2272 1455 2332 ert-Au·

500 2378 621 2447 gustus,
638 2366 807 2431 simulabat
828 2387 862 2429 se
884 2367 963 2429 velle
984 2365 1025 2429 ad
1048 2367 1240 2430 catholicam
1261 2367 1365 2432 redire
1387 2366 1456 2432 uni·

500 2477 606 2544 tatem,
623 2468 822 2549 propositum
838 2467 959 2542 distuli,
974 2469 1078 2531 donec
1093 2469 1221 2551 plonius
1232 2469 1458 2548 innotesceret,

501 2590 596 2652 quem
613 2581 700 2634 tanta
708 2572 836 2652 negotia
852 2570 1038 2633 sortirentur
1048 2580 1206 2633 eventum.
1244 2570 1352 2648 Quum
1370 2573 1455 2636 enim

499 2671 699 2736 Teutonicus
707 2685 860 2756 tyrannus
870 2672 1000 2736 sentiret
1010 2693 1043 2734 se
1053 2672 1191 2738 militum
1199 2672 1351 2757 praesidio
1361 2672 1456 2739 desti·

500 2787 615 2852 tutum,
628 2787 659 2839 et
671 2775 775 2840 Italiae
788 2776 934 2839 civitates
947 2775 978 2836 in
993 2775 1096 2857 ipsum
1110 2774 1228 2838 irruere
1240 2789 1456 2859 propararent,

500 2889 533 2941 et
561 2878 631 2964 ipso
661 2880 837 2943 temeritate
868 2899 1008 2955 suorum,
1035 2877 1091 2961 qui
1120 2877 1263 2941 nobilem
1295 2877 1455 2962 quendam

501 2980 692 3064 Papiensenr
714 2990 965 3056 excaecaverant,
983 2977 1094 3061 Papiae
1110 2978 1241 3042 minime
1257 2991 1345 3045 tutus
1362 2990 1456 3057 esset,

499 3082 593 3165 eique
622 3083 856 3146 Marrrianeusis
886 3102 995 3145 comes
1026 3082 1068 3143 ob
1098 3080 1232 3164 injurias
1261 3081 1325 3145 sibi
1353 3082 1456 3147 illatas

500 3203 627 3246 omnem
645 3185 765 3246 exitum
782 3183 1007 3266 praeclusisset,
1024 3193 1058 3245 nt
1073 3182 1329 3247 Lumbardorum
1344 3205 1457 3249 manus

498 3285 588 3346 nulla
610 3286 731 3348 ratione
760 3307 855 3367 posse
882 3284 1014 3348 evadare
1041 3284 1210 3363 videretur,
1234 3286 1304 3369 ipse
1330 3286 1456 3351 comitis

502 3381 744 3446 Blandratcnsis
775 3396 807 3447 et
835 3384 1030 3449 marchionis
1060 3385 1178 3448 montis
1205 3383 1330 3449 Ferrati
1361 3388 1457 3450 fretus

498 3484 628 3560 auxilio,
645 3484 771 3548 divertit
785 3485 818 3547 in
835 3495 948 3549 terram
971 3485 1175 3561 marchionis,
1190 3487 1310 3550 relictis
1325 3487 1455 3568 triginta

498 3585 662 3648 obsidibus
679 3584 933 3650 Lumbardorum
946 3586 1034 3671 apud
1050 3585 1268 3652 Blandratum.
1298 3586 1390 3653 Alios
1401 3610 1454 3665 au-

497 3702 559 3750 tern
586 3688 714 3750 obsides
741 3709 822 3770 quos¹
849 3702 1018 3772 acceperat
1044 3711 1101 3772 per
1127 3701 1232 3755 castra
1259 3690 1454 3754 marchionis

496 3789 604 3851 divisit
626 3789 864 3866 custodiendos,
881 3804 913 3854 et
934 3791 1003 3874 ipse
1027 3812 1099 3854 cum
1124 3791 1258 3873 praefato
1282 3795 1401 3856 comite
1422 3804 1453 3854 et

497 3889 687 3963 marchione,
703 3890 780 3974 quia
802 3912 877 3953 eum
898 3890 1076 3954 Lumbardi
1099 3903 1294 3975 congregato
1314 3891 1453 3971 exercitu

498 3991 647 4075 usquead
662 3991 803 4054 aemilia
819 3991 954 4056 militurn
970 3992 1299 4077 prosequebantur,et
1312 3993 1454 4059 obsidere

495 4093 711 4168 decreverant,
735 4116 793 4176 per
814 4094 943 4158 castella
965 4095 1056 4180 quasi
1075 4095 1106 4158 in
1125 4095 1239 4159 umbra
1258 4095 1371 4161 mortis
1385 4095 1455 4160 lati·

494 4207 564 4257 tans
580 4193 749 4278 fugitabat,
767 4206 802 4257 ut
819 4194 885 4274 vix,
901 4195 982 4258 sicut
999 4198 1089 4259 aiunt
1104 4195 1198 4280 probi
1213 4195 1273 4259 viri
1290 4195 1377 4281 pleni
1391 4193 1451 4259 fide

494 4310 526 4360 et
548 4296 737 4359 auctoritate
760 4295 817 4381 qui
844 4295 1070 4375 interfuerunt,
1096 4295 1224 4360 duobus
1252 4294 1368 4362 diebus
1396 4309 1449 4360 aut

493 4399 596 4464 tribus
619 4399 749 4463 auderet
775 4399 808 4461 in
830 4398 941 4463 eodem
965 4398 1107 4484 hospitio
1129 4411 1339 4484 pernoctare:
1374 4398 1451 4463 hanc
