3384 5525
373 762 470 846 tlon]
756 781 935 827 urrsronar.
1281 772 1324 831 59

368 934 466 998 tendit
488 932 633 1018 speciem
649 953 717 995 uon
740 936 886 997 amantis.
930 934 1022 998 Prior
1037 955 1125 1015 ergo,
1144 947 1181 1000 ut
1197 936 1322 1019 justum

367 1046 421 1111 est,
435 1034 548 1099 studui
563 1034 723 1119 superiori
742 1045 775 1098 et
795 1035 925 1099 domino
941 1036 1028 1119 quod
1044 1038 1135 1120 potui
1150 1048 1182 1100 et
1197 1059 1324 1122 semper

366 1137 466 1201 debeo
491 1136 615 1201 sedulae
642 1136 856 1201 venerationis
881 1139 1073 1221 obsequium
1097 1139 1264 1219 exhibere,
1290 1152 1323 1204 et

366 1260 433 1323 quae
449 1240 541 1303 circa
551 1259 610 1301 vos
621 1248 655 1302 et
666 1238 837 1301 ecclesiam
848 1249 983 1303 vestram
998 1250 1146 1322 gerantur
1156 1250 1189 1305 et
1202 1255 1323 1306 vestros

365 1341 534 1403 sollicitius
549 1351 583 1404 et
598 1339 784 1421 diligentius
802 1342 1004 1423 perscrutari,
1019 1342 1122 1405 uthis
1141 1364 1214 1425 quae
1229 1335 1322 1408 ‘recte

366 1452 519 1525 geruntur
537 1440 753 1523 congratulari
768 1444 904 1519 valeam,
920 1453 952 1506 et
968 1443 995 1505 si
1011 1442 1089 1526 quid
1107 1442 1208 1526 (quod
1223 1445 1321 1525 absit)

366 1542 612 1625 deprehendero
628 1541 718 1604 vobis
738 1562 808 1604 esse
831 1543 1012 1620 molestum,
1027 1554 1139 1605 mutua
1153 1545 1323 1609 affectione

366 1643 554 1727 compatiar.
598 1642 672 1705 Erit
701 1653 778 1724 e'rgo
808 1642 835 1705 si
864 1643 975 1726 'placet
1004 1642 1188 1706 dilectionis
1211 1631 1323 1708 vestrai

365 1745 404 1808 de
419 1755 507 1807 statu
529 1755 638 1807 nostro
659 1745 855 1807 rescribere:
880 1754 911 1807 et
926 1744 953 1807 si
970 1743 1124 1807 sedulitas
1145 1766 1216 1808 mea
1232 1746 1325 1808 vobis

365 1845 508 1909 officiosa
529 1866 599 1907 esse
619 1844 757 1927 potuerit
775 1843 809 1905 iu
831 1844 950 1927 aliquo,
968 1844 1171 1925 praescribere
1191 1853 1224 1908 et
1245 1866 1324 1927 prae·

365 1946 470 2031 cipere
487 1967 530 2009 ex
545 1946 645 2009 animi
661 1945 817 2008 sententia
835 1966 895 2028 pro
910 1939 1029 2008 viribus
1049 1946 1201 2029 parituro.
1246 1947 1320 2009 Pre-

366 2070 418 2113 cor
432 2058 542 2111 autem
560 2057 592 2110 et
606 2049 749 2111 obtestor
763 2047 796 2109 in
816 2046 877 2110 fide
894 2048 959 2111 Dei
973 2057 1006 2110 et
1020 2047 1152 2111 caritate
1173 2048 1323 2131 quatinus

367 2147 569 2225 carissimum
591 2148 673 2211 mihi
695 2150 738 2211 N.
760 2149 891 2212 fratrem
906 2159 1047 2212 vestrum
1068 2149 1103 2211 in
1125 2149 1269 2213 Domino
1289 2160 1322 2212 et

365 2261 483 2315 nostrae
513 2251 779 2335 peregrinationis
814 2251 937 2313 'socium
970 2251 1120 2332 diligatis,
1149 2247 1182 2314 et
1211 2261 1324 2315 vestrae

366 2354 590 2417 familiaritatis
613 2373 742 2415 munere
764 2352 946 2416 honoretis:
970 2353 1062 2417 etsie
1085 2351 1157 2417 euin
1180 2354 1322 2417 tractetis

365 2454 402 2517 de
430 2468 550 2518 caetero
577 2475 716 2517 mearum
742 2454 1015 2536 contemplatione
1042 2475 1183 2537 precum,
1207 2466 1243 2517 ut
1267 2475 1322 2518 aas

365 2555 450 2640 apud
474 2577 532 2619 vos
554 2555 738 2639 experiatur
760 2555 898 2638 alicujus
921 2576 991 2619 esse
1013 2557 1176 2619 momenti.
1221 2557 1258 2620 Si
1281 2556 1322 2619 de

366 2667 448 2721 statu
463 2678 536 2719 meo
550 2657 669 2720 curatis
683 2656 806 2732 audire,
817 2656 967 2721 noveritis
980 2658 1067 2740 quod
1079 2658 1141 2722 hoo
1157 2658 1247 2721 exilii
1260 2659 1322 2720 mei

365 2758 611 2844 quadriennium
634 2759 680 2823 sic
703 2757 880 2823 infirmitati
904 2781 983 2824 meae
1011 2772 1229 2843 contemperat
1254 2760 1322 2822 Do·

365 2862 483 2936 minus,
499 2869 538 2924 ut
552 2873 708 2944 processu
728 2861 882 2945 temporis
895 2862 1102 2925 vexationem
1121 2874 1226 2923 meam
1249 2878 1322 2923 suc·

365 2983 476 3026 cessus
493 2963 663 3026 comitetur
684 2963 822 3041 uberior,
836 2973 869 3026 et
882 2963 1008 3045 plenior
1029 2960 1191 3023 miseratio
1207 2969 1322 3024 conso-

364 3065 456 3126 letur.
504 3064 667 3128 Alimenta
681 3074 713 3127 et
728 3064 919 3127 indumenta
933 3057 1013 3124 meis
1029 3060 1146 3124 adsunt
1165 3059 1207 3123 ad
1222 3061 1322 3123 abun·

364 3164 529 3229 dentiam:
552 3165 695 3229 dulcium
710 3178 742 3229 et
764 3166 891 3229 utilium
911 3165 945 3226 in
969 3163 1069 3226 exilio
1092 3161 1323 3246 multiplicatur

364 3269 459 3349 copia
474 3267 667 3330 amicorum:
692 3277 724 3330 et
739 3276 948 3330 evanescente
964 3286 1006 3328 ex
1021 3284 1138 3346 magna
1152 3275 1241 3346 parte
1255 3264 1321 3329 fide

362 3379 507 3433 veterum
528 3369 739 3448 familiarium,
764 3388 918 3431 novorum
944 3368 1060 3431 caritas
1085 3367 1224 3450 amplius
1247 3369 1321 3430 soli·

363 3468 467 3532 datur.
514 3470 555 3531 In
576 3469 699 3532 ratione
723 3468 789 3532 dati
810 3477 842 3532 et
864 3467 989 3552 accepti
1012 3490 1062 3531 me
1082 3467 1142 3532 sibi
1161 3479 1321 3532 conterra-

362 3588 498 3632 neorum
524 3570 632 3632 nullus
654 3570 786 3651 obligat,
809 3567 867 3631 sed
893 3578 1119 3632 extraneorum
1145 3568 1321 3633 ministerio

362 3688 414 3733 me
442 3680 549 3735 totum
579 3671 642 3734 sibi
668 3672 728 3736 soli
749 3669 860 3734 reddit
889 3668 1069 3734 obnoxium
1099 3670 1155 3753 qui
1181 3671 1323 3735 volatilia

362 3772 479 3853 pascit,
502 3781 536 3835 et
557 3771 673 3835 decore
695 3770 942 3854 incomparabili
958 3769 1051 3832 vestit
1067 3769 1149 3845 lilia,
1164 3770 1321 3854 floresque

363 3881 542 3935 vernantes.
587 3873 704 3955 Neque
724 3872 788 3934 hoc
809 3870 932 3934 dictum
955 3869 1133 3952 accipiatur
1145 3881 1181 3933 nt
1200 3871 1322 3934 amicos

363 3993 493 4054 arguam
525 3972 745 4055 frigescentes,
773 3970 831 4036 sed
860 3981 895 4035 ut
924 3970 1118 4054 glorificetur
1146 3991 1321 4054 paupemm

363 4084 451 4157 pater
466 4075 523 4160 qui
539 4076 574 4137 in
590 4074 683 4138 coelis
697 4085 755 4153 est,
773 4083 807 4137 et
820 4075 942 4136 electos
961 4073 1108 4156 temptari
1124 4094 1188 4136 non
1204 4074 1322 4155 patitur

364 4197 456 4260 supra
472 4177 508 4239 id
524 4176 613 4261 quod
628 4187 775 4259 possunt.
812 4176 932 4246 Quaeso
947 4175 1054 4257 itaque
1070 4171 1104 4237 et
1117 4176 1323 4239 affectuosius

364 4280 513 4363 supplico
537 4278 690 4361 quatinus
709 4276 994 4361 peregrinationem
1016 4297 1131 4348 meam,
1147 4286 1178 4338 et
1197 4279 1322 4340 naufra-

366 4381 449 4459 gium
465 4381 618 4444 ecclcsiae
638 4378 813 4444 laborantis
830 4377 940 4440 vestris
960 4389 993 4439 et
1016 4388 1196 4439 sanctorum
1219 4378 1322 4459 preci-
