3384 5525
251 754 353 832 risa]
623 777 801 821 nrrsrosra.
1137 768 1192 826 l7l

247 1010 464 1074 EPISTOLA
488 1012 757 1076 commu-so
770 1032 956 1079 nonnarum
970 1036 1012 1079 nu
1029 1035 1196 1081 trunsum.

607 1112 652 1192 [s.
669 1134 700 1177 n.
720 1115 827 1195 1168]

482 1298 572 1360 Idem
589 1299 723 1361 Rosea
738 1299 776 1360 de
793 1297 958 1361 Limeseio.

286 1431 439 1496 Vusurss
455 1428 528 1494 suco
542 1441 640 1504 caret,
654 1440 687 1494 et
701 1429 842 1493 amicitia
855 1429 943 1516 loqui
959 1453 1020 1494 non
1037 1433 1124 1496 novit
1138 1434 1199 1498 nisi

245 1531 321 1596 facie
338 1530 488 1598 revelata.
522 1530 572 1595 ad
588 1532 727 1595 amicum
743 1531 850 1617 itaque
862 1531 996 1617 loquens
1010 1533 1042 1596 in
1056 1534 1199 1617 veritate,

245 1655 353 1718 precor
363 1646 400 1698 ut
414 1633 522 1698 latoris
533 1634 739 1719 praesentium
753 1634 870 1717 dirigas
881 1635 956 1707 vias,
967 1647 1000 1699 et
1015 1658 1199 1721 promoveas

245 1735 406 1820 negotium
423 1738 493 1821 ejus
510 1736 663 1821 quoniam
680 1736 768 1821 pium
784 1749 841 1800 est.
880 1741 1023 1820 Rogatus
1037 1760 1106 1801 sum
1124 1738 1200 1801 scri·

247 1836 318 1899 bere
334 1835 467 1900 domino
483 1835 622 1900 Winton.
639 1847 672 1898 et
691 1857 748 1920 pro
762 1835 825 1898 alio
847 1835 1055 1919 intercedere,
1070 1839 1125 1923 qui
1141 1861 1199 1924 pro

246 1960 295 2002 rne
311 1938 484 2025 quicquam
501 1952 610 2023 petere
632 1959 758 2022 semper
772 1937 886 2002 erubui
907 1950 939 2002 et
954 1940 1116 2005 erubesco.
1156 1940 1199 2005 Et

246 2040 374 2126 quidem
396 2040 470 2104 Deo
490 2039 607 2124 gratias
632 2062 703 2122 ago,
729 2038 816 2125 quod
836 2051 902 2104 tam
926 2040 1102 2106 clementer
1127 2064 1199 2128 pro·

247 2143 347 2228 spexit
361 2142 543 2206 necessitati
559 2164 651 2218 meae,
665 2153 701 2205 ut
716 2163 767 2205 me
779 2164 839 2206 nec
851 2143 1031 2207 mendicare
1043 2155 1199 2229 oporteat,

248 2267 304 2309 nec
320 2244 431 2309 multis
446 2258 557 2308 tenear
571 2244 739 2328 obligatus.
784 2245 900 2308 Paucis
921 2245 1008 2309 enim
1023 2258 1198 2311 nostratum

248 2347 417 2434 quicquam
433 2346 537 2411 debeo
551 2357 669 2432 praeter
679 2346 843 2411 caritatem
860 2369 956 2432 quam
973 2347 1121 2413 omnibus
1136 2371 1199 2413 non

248 2449 364 2515 debere
391 2471 454 2512 non
479 2459 583 2534 potest
609 2446 815 2512 Christianus.
863 2450 1025 2513 Caeterum
1050 2451 1201 2518 dominus

249 2556 411 2632 Cantuar,
440 2551 514 2616 exui
544 2561 578 2614 et
606 2549 798 2636 proscriptus
823 2572 881 2636 pro
911 2552 1031 2616 tuenda
1051 2552 1200 2618 libertate

249 2653 392 2719 ecclesiae
406 2662 440 2717 et
462 2651 549 2732 cleri,
563 2651 712 2716 omnibus
734 2652 864 2738 quidem
882 2653 1008 2731 militat,
1024 2654 1079 2719 sed
1095 2656 1200 2720 adhuc

249 2755 413 2844 stipendiis
428 2754 503 2833 suis,
519 2767 552 2820 et
567 2754 677 2820 multis
692 2755 879 2821 coexuiibus
894 2770 1042 2822 oneratus
1057 2771 1114 2824 est.
1157 2758 1201 2823 Et

249 2883 348 2948 quum
360 2858 520 2923 Dominus
535 2868 610 2924 tuus
620 2857 788 2922 subveniat
800 2859 880 2936 aliis,
891 2860 998 2924 nescio
1014 2860 1068 2924 ubi
1081 2860 1201 2925 eiemo·

250 2985 341 3050 synas
358 2984 431 3026 suas
452 2960 550 3047 possit
566 2961 682 3025 melius
703 2972 737 3024 et
758 2961 921 3027 honestius
936 2962 1100 3028 collocare.
1147 2968 1200 3030 De

252 3087 323 3149 ergo
338 3084 480 3150 operam,
496 3073 533 3125 ut
546 3064 578 3126 ei
591 3084 685 3147 opem
701 3061 791 3127 ierat.

272 3447 491 3511 EPISTOLA
516 3445 765 3509 CCLXV.—-an
780 3463 965 3508 nonnarum
981 3466 1119 3513 sacam.
1137 3470 1179 3514 na

514 3565 667 3609 sunnam.
713 3550 758 3624 [a.
776 3566 804 3607 o.
827 3547 935 3627 llas]

422 3716 441 3777 1
445 3715 512 3776 dem
529 3714 664 3776 Roberto
678 3713 913 3776 Archidiacono
928 3716 1025 3779 Surr.

294 3853 395 3914 Hauc
417 3846 501 3911 inter
518 3845 636 3911 amicos
659 3845 737 3910 ratio
757 3845 897 3931 praefinit
915 3846 1031 3933 legem,
1049 3862 1085 3914 ut
1099 3854 1140 3918 ab
1155 3856 1205 3920 in.

254 3950 351 4014 vicem
364 3970 427 4011 non
441 3949 500 4012 uisi
510 3949 642 4012 honesta
653 3960 815 4032 petantur:
836 3959 879 4029 et,
891 3948 916 4012 si
928 3949 1093 4017 inhonesta
1105 3957 1205 4041 petita

254 4051 380 4132 fuerint,
400 4073 464 4114 uon
486 4050 704 4115 admittantur.
749 4050 818 4115 Ubi
840 4062 947 4115 autem
964 4053 1059 4118 amici
1079 4059 1205 4142 petitio-

252 4153 344 4219 nibus
366 4152 514 4216 houestas
528 4152 726 4237 suffragatur,
742 4163 775 4215 et
798 4175 851 4216 eas
866 4155 1057 4220 admittendi
1072 4158 1205 4226 facultas

254 4254 405 4343 suppetit,
428 4255 630 4320 adhibendus
645 4267 693 4318 est
715 4254 782 4318 sine
803 4254 988 4322 difficultate
1015 4281 1203 4326 consensus:

251 4370 284 4422 et
305 4356 534 4442 adimpletione
553 4356 629 4434 voti,
651 4356 676 4420 si
693 4367 796 4440 potest
819 4357 898 4437 fieri,
915 4360 1139 4443 praevenienda
1157 4374 1205 4426 est
1285 4383 1287 4387 ’
