3384 5525
479 782 520 839 48
751 790 887 836 inautus
905 788 1188 833 sanasnnnrnusrs
1339 774 1385 854 [r.
1403 794 1436 837 n.
1494 767 1503 784 '

480 968 536 1030 per
551 966 620 1021 nos,
635 945 730 1008 facile
745 946 960 1007 innotesceret
977 941 1055 1025 quid
1071 950 1180 1004 actum
1191 942 1242 1016 sit,
1255 957 1287 1006 et
1302 943 1341 1007 de
1358 966 1437 1009 cou-

480 1047 703 1111 suetudinihus
724 1046 810 1110 unde
831 1045 967 1125 litigium
990 1043 1119 1106 vertitur
1140 1043 1222 1105 inter
1245 1066 1378 1127 regnum
1401 1056 1435 1109 et

481 1148 695 1211 sacerdotium
719 1148 759 1211 de
781 1168 862 1230 pace
885 1145 1118 1227 archiepiscopi
1142 1155 1174 1208 et
1194 1146 1340 1211 libertate
1366 1149 1434 1211 Ec-

482 1250 600 1324 clesiae,
616 1250 657 1313 de
679 1251 802 1331 integra
823 1248 1025 1311 restitutione
1049 1258 1081 1309 et
1097 1248 1267 1311 securitate
1290 1249 1435 1311 omnium

481 1352 631 1415 exulum:
663 1350 740 1435 quid
758 1351 852 1414 etiam
863 1349 1027 1432 juraverit,
1043 1357 1075 1411 et
1090 1369 1153 1432 qua
1168 1350 1316 1413 cantione
1332 1350 1438 1413 firma-

481 1452 562 1515 verit
575 1452 752 1535 pactiones.
799 1452 850 1514 Ea
864 1449 990 1514 interim
1006 1450 1135 1513 silemus
1145 1451 1335 1514 necess'tate
1346 1474 1437 1515 mau-

481 1552 558 1630 dati,
572 1553 649 1615 dum
665 1552 911 1636 promissionum
927 1563 1072 1635 speratur
1087 1562 1119 1613 ct
1134 1563 1323 1634 expectatur
1338 1552 1432 1616 fides.

484 1652 546 1715 Sed
569 1654 649 1717 nihil
672 1665 814 1737 opertum
838 1653 925 1737 quod
950 1675 1014 1716 non
1037 1654 1212 1716 reveletur:
1236 1652 1333 1737 idque
1363 1654 1436 1716 Deo

481 1766 608 1819 auctore
629 1755 662 1817 in
686 1755 785 1818 brevi.
831 1753 937 1817 Juxta
959 1754 1045 1817 enim
1069 1765 1117 1815 est
1146 1752 1215 1816 dies
1244 1754 1436 1837 perditionis

482 1876 602 1929 eorum,
626 1855 681 1939 qui
703 1855 737 1925 in
759 1855 929 1918 mendacio
948 1855 1226 1940 deprehendentur
1252 1867 1284 1918 et
1306 1854 1438 1919 retribu-

483 1955 578 2018 tionis
608 1965 640 2016 et
662 1953 811 2018 vindictae
835 1954 946 2017 adesse
969 1955 1119 2017 festinant
1140 1968 1293 2036 tempora.
1340 1956 1438 2028 Quod

483 2056 510 2118 si
527 2078 634 2119 meum
649 2057 818 2119 consilium
833 2057 960 2119 interim
973 2058 1135 2140 quaeritur,
1147 2079 1224 2120 ecce
1235 2078 1340 2121 coram
1353 2057 1438 2134 Deo,

484 2177 579 2239 quem
594 2155 689 2238 hujus
703 2155 789 2219 verbi
805 2157 836 2219 in
854 2167 998 2219 extremo
1015 2152 1161 2219 examine
1175 2168 1288 2219 testem
1304 2157 1433 2235 invoco,

484 2265 550 2320 tota
574 2258 704 2340 spiritus
725 2257 884 2332 libertate,
911 2259 995 2320 etin
1021 2257 1084 2320 fide
1108 2258 1154 2320 illi
1177 2269 1327 2342 tanquam
1353 2260 1435 2341 patri

482 2358 640 2441 promissa
662 2371 694 2422 et
716 2357 825 2422 debita
847 2358 1038 2442 respondeo,
1061 2358 1148 2442 qnod
1171 2359 1203 2421 in
1227 2359 1313 2422 omni
1337 2358 1437 2423 ardua

485 2458 647 2523 dubietate
661 2480 776 2524 censeo
797 2459 990 2523 faciendum.
1038 2460 1170 2524 Scilicet
1191 2471 1225 2523 ut
1248 2460 1350 2543 primo
1372 2482 1439 2523 om·

485 2562 575 2623 nium
604 2583 786 2645 quaeramus
815 2571 847 2625 ot
877 2560 1048 2645 sequamur
1077 2562 1156 2645 quid
1180 2583 1276 2645 super
1302 2563 1363 2625 hoc
1386 2564 1440 2625 lex

485 2661 593 2726 divina
615 2665 853 2747 praescripserit,
875 2684 947 2745 quaa
970 2664 998 2726 si
1020 2664 1099 2725 nihil
1123 2676 1245 2727 certum
1275 2663 1439 2746 exprimit,

483 2776 660 2829 recurratur
675 2765 715 2828 ad
731 2787 872 2829 canones
895 2776 927 2828 et
942 2768 1093 2848 exempla
1116 2766 1316 2839 Sanctorum,
1339 2766 1394 2828 ubi
1410 2767 1437 2828 si

484 2866 563 2928 nihil
579 2876 698 2929 certum
716 2866 861 2944 occurrit,
885 2864 1013 2928 tandem
1034 2867 1243 2947 explorentur
1264 2864 1393 2946 ingenia
1408 2875 1440 2929 et

486 2967 620 3031 consilia
649 2969 826 3051 sapientum
852 2967 885 3028 in
915 2967 1027 3028 timore
1059 2967 1204 3042 Domini,
1234 2966 1355 3050 illique,
1382 2987 1440 3028 seu

486 3069 592 3150 plures
608 3091 664 3131 seu
675 3071 844 3152 pauciores
861 3069 935 3143 sint,
946 3068 1070 3130 caetcris
1086 3068 1303 3151 praelerantur‚
1318 3066 1372 3150 qui
1382 3067 1440 3128 ho-

488 3189 597 3230 norem
619 3170 684 3231 Dei
703 3168 880 3233 commodis
901 3169 1049 3230 omnibus
1071 3179 1280 3252 anteponunt.
1327 3169 1444 3230 Nullus

488 3266 572 3328 enim
602 3268 769 3329 salubriter
806 3265 938 3341 incedit,
973 3267 1044 3345 lege
1075 3266 1151 3346 Dei,
1182 3289 1252 3352 quae
1293 3267 1442 3330 omnibus

488 3376 537 3429 est
552 3367 726 3429 certissima
741 3368 843 3429 forma
857 3367 995 3445 vivendi,
1010 3371 1168 3449 neglecta,
1190 3380 1222 3432 et
1238 3369 1293 3452 qui
1317 3377 1442 3452 patrum

488 3468 618 3549 vestigia
641 3468 797 3531 detrectat
818 3468 945 3546 imitari,
967 3470 1008 3533 ad
1030 3472 1226 3534 consortium
1249 3470 1351 3551 regni,
1374 3492 1438 3553 quo

486 3565 532 3629 illi
562 3566 703 3649 gaudent
722 3569 838 3631 intrare
868 3590 933 3632 non
963 3581 1076 3653 potest.
1123 3572 1208 3632 Nam
1230 3582 1262 3633 et
1283 3568 1386 3632 Josua
1408 3578 1440 3632 et

487 3668 628 3731 seniores
660 3667 759 3732 Israel
781 3669 814 3731 in
844 3669 963 3732 foedere
991 3670 1243 3733 Gabaonitarum
1273 3680 1442 3751 patuerunt

489 3771 611 3853 culpae:
635 3771 722 3854 quia,
737 3771 821 3835 sicut
837 3772 993 3855 scriptura
1008 3772 1099 3835 testis
1114 3783 1173 3849 est,
1184 3771 1318 3855 sumptis
1333 3791 1442 3834 eorum

487 3872 614 3935 cibariis
629 3895 665 3936 os
681 3874 812 3936 Domini
828 3895 893 3936 uon
909 3875 1186 3955 interrogaverunt.
1232 3873 1319 3946 Quid
1334 3884 1441 3936 autem

487 3972 686 4053 significatur
707 3995 764 4056 per
786 3995 832 4052 os,
847 3975 909 4036 nisi
929 3976 1059 4038 verbum
1082 3974 1227 4051 Domini,
1254 3996 1318 4057 qno
1341 3974 1439 4036 semel

487 4073 638 4155 loquutus
653 4085 712 4150 est,
727 4085 761 4136 ut
775 4073 809 4135 id
824 4075 930 4157 ipsum
953 4076 1054 4157 repeti
1072 4094 1136 4136 non
1151 4070 1323 4158 oporteat?
1344 4073 1439 4157 hujus

487 4183 591 4237 antem
607 4174 777 4256 perspicua
787 4185 836 4236 est
847 4183 878 4236 et
891 4175 976 4236 clara
987 4175 1019 4236 in
1030 4177 1101 4256 lege
1110 4174 1279 4250 sententia,
1289 4175 1439 4258 quoniam

488 4271 657 4334 meliorest
669 4271 961 4354 obedientiaquam
978 4272 1126 4335 victimae:
1146 4273 1223 4356 quia
1233 4282 1266 4334 et
1281 4270 1437 4335 ariolandi

488 4373 607 4437 crimen
634 4383 692 4452 est,
722 4394 908 4456 repugnare,
936 4384 967 4436 et
992 4375 1082 4456 quasi
1113 4376 1217 4439 scelus
1248 4371 1439 4437 idololatriae
