3384 5525
382 799 490 877 llos]
625 773 628 782 ⁵
768 814 945 861 EPISTOLAE.
1269 799 1328 856 169

379 964 505 1048 gladius
517 964 685 1029 columbae.
715 965 777 1028 Sed
791 965 924 1027 fortasse
937 962 1022 1026 dices
1033 964 1066 1025 in
1076 964 1172 1047 longa
1184 973 1327 1046 tempora

378 1066 471 1129 bomo
486 1068 545 1129 iste
560 1065 698 1150 propbat
713 1079 746 1129 et
770 1087 843 1148 quae
867 1075 958 1148 optat
982 1062 1145 1147 eloquitur
1167 1062 1208 1125 de
1231 1062 1327 1126 corde

379 1190 523 1246 suo,non
540 1166 580 1230 de
597 1168 719 1251 Spiritu
743 1167 815 1229 Dei.
862 1164 913 1229 Ad
930 1165 1015 1249 qnod
1039 1188 1117 1249 ego:
1150 1165 1183 1228 Si
1199 1165 1328 1229 menda·

377 1270 458 1333 cium
474 1269 600 1355 loquor,
615 1268 656 1332 ab
671 1267 853 1353 Apostolica
878 1268 951 1331 sede
975 1266 1051 1330 mibi
1067 1265 1151 1330 illius
1168 1266 1327 1330 immissus

378 1384 422 1434 est
436 1370 582 1455 spiritus,
597 1369 654 1453 qni
679 1369 762 1432 diem
787 1369 982 1456 praescripsit
1008 1368 1136 1431 ultionis
1159 1380 1191 1431 et
1214 1390 1322 1432 arcum

377 1493 470 1535 suum
488 1472 556 1555 jam
580 1470 715 1535 tetendit
735 1486 772 1533 ut
795 1471 915 1534 leonem
940 1469 1066 1553 dejiciat
1091 1482 1122 1533 et
1144 1469 1323 1533 draconem.

378 1573 543 1637 Habemus
558 1584 663 1636 autem
680 1586 710 1636 et
727 1572 896 1635 firmiorem
914 1593 1001 1656 spem
1020 1574 1052 1634 in
1070 1570 1167 1633 verbo
1183 1570 1324 1646 Domini,

376 1673 460 1759 quod
492 1695 555 1737 non
585 1673 709 1759 impleri
739 1696 801 1736 non
832 1685 949 1758 potest,
974 1672 1025 1734 cui
1054 1670 1248 1734 abominatio
1277 1685 1324 1735 est

376 1774 498 1859 pondus
513 1788 545 1838 et
562 1774 697 1858 pondus,
715 1797 863 1838 mensura
877 1790 909 1837 et
926 1794 1082 1850 mensura,
1094 1784 1128 1835 ut
1146 1772 1185 1835 sit
1201 1795 1325 1836 necesse

375 1898 535 1960 quemque
565 1880 761 1940 remunerari
787 1899 846 1960 pro
872 1875 994 1938 merito.
1049 1873 1238 1936 Fredericus
1266 1874 1324 1959 qui

375 1975 532 2057 praecessit
558 1975 590 2036 in
617 1975 747 2037 crimine
774 1976 805 2038 in
833 1974 939 2038 labore
965 1972 1116 2058 praecedit
1142 1985 1175 2037 et
1204 1972 1323 2054 dolore,

377 2074 493 2139 utinam
511 2097 573 2140 non
589 2076 620 2138 in
637 2078 738 2139 ruina.

379 2385 595 2450 EPISTOLA
620 2388 897 2451 CCLXHL-an
914 2406 1114 2451 uasisrnunr
1131 2406 1315 2452 annuorum

588 2505 833 2551 iaxuvinusanr.
883 2488 969 2567 [an.
990 2488 1097 2566 ilos]

370 2644 473 2706 Amico
487 2653 518 2707 et
530 2648 613 2706 socio
627 2666 685 2707 suo
699 2647 864 2708 carissimo
880 2646 1040 2727 Magistro
1055 2649 1201 2731 Rudulfo
1218 2648 1317 2713 leco·

411 2748 513 2810 aiensi
541 2769 623 2810 auus
643 2749 676 2811 J.
701 2750 837 2812 sulutem
864 2756 894 2812 et
920 2752 1058 2831 dirigere
1077 2753 1261 2831 prudenter
1281 2754 1318 2815 in

399 2849 526 2934 futuro
537 2858 748 2932 prospectum.

411 2988 523 3049 Frnuu
551 3007 617 3047 esse
643 2985 869 3068 sperandarum
898 3007 1003 3048 rerum
1031 2985 1251 3065 substantiam,
1275 2987 1316 3051 ab

370 3088 520 3170 Apostolo
547 3085 686 3149 didicisti
710 3100 740 3150 et
766 3087 806 3149 ab
833 3109 938 3148 errore
965 3085 1141 3149 Gentilium
1168 3108 1228 3148 non
1255 3087 1318 3151 dis-

370 3211 494 3274 crepare
510 3200 643 3270 constat,
660 3193 715 3274 qui
734 3190 903 3253 dumtaxat
927 3189 1137 3275 praesentibus
1158 3189 1316 3255 innititur.

371 3289 463 3352 Unde
478 3291 535 3375 qui
553 3291 603 3353 hic
620 3304 744 3354 tantum
758 3303 919 3375 sperantes
935 3304 1009 3354 sunt
1020 3290 1142 3376 aliquid
1155 3290 1194 3353 de
1208 3291 1316 3355 Chris-

368 3390 449 3454 tiano
461 3392 587 3454 nomine
599 3391 780 3475 gloriantes,
793 3394 815 3454 J
820 3393 920 3457 udaeis
932 3404 963 3456 et
978 3393 1128 3477 gentibus
1141 3394 1315 3457 miseriores

370 3507 448 3556 sunt.
504 3494 549 3556 Et
579 3506 610 3557 te
640 3493 768 3578 quidem
796 3518 814 3556 a
844 3495 1001 3557 consortio
1030 3518 1138 3558 eorum
1170 3507 1316 3582 separant

369 3616 461 3677 opera
486 3594 720 3674 misericordiae,
744 3619 817 3680 qnae
841 3620 898 3682 per
923 3596 1017 3659 fidem
1044 3596 1076 3659 iu
1102 3619 1157 3682 spe
1180 3597 1315 3661 retribu-

370 3694 460 3759 tionis
486 3709 604 3759 eternae
630 3710 762 3781 propter
788 3719 925 3759 amorem
954 3696 1084 3760 Domini
1109 3697 1208 3761 nostri
1234 3699 1314 3761 Jesu

369 3795 484 3861 Christi
500 3797 532 3859 in
552 3798 693 3861 membra
715 3799 784 3883 ejus
807 3819 951 3860 exercere
973 3819 1034 3859 nou
1059 3798 1185 3861 desinis.
1231 3799 1313 3862 Nam

365 3898 575 3985 eleemosynas
590 3911 662 3962 tuas
677 3911 823 3962 enarrant
840 3898 979 3962 ecclesiae
996 3912 1186 3976 sanctorum,
1199 3900 1314 3986 pupilli

364 4014 393 4063 et
406 4001 512 4064 viduae
524 4022 597 4063 cum
610 3998 678 4063 aliis
690 4000 885 4085 pauperibus
897 4014 928 4064 et
941 4001 1089 4065 desolatis
1101 4002 1131 4063 in
1144 4016 1313 4088 conspectu

366 4101 562 4186 Angelorum
585 4101 788 4185 gratulantur
812 4125 844 4165 se
860 4117 923 4167 tuae
940 4104 1145 4167 humanitatis
1159 4103 1268 4167 officiis
1283 4117 1315 4168 et

363 4201 519 4265 beneficiis
542 4202 710 4265 sublevari.
757 4205 904 4267 Laetatus
927 4228 994 4269 sum
1019 4208 1050 4268 in
1075 4205 1191 4272 talibus
1214 4228 1314 4290 quum

364 4303 545 4367 referuntur
561 4303 656 4367 mihi:
689 4318 794 4368 certus
812 4307 889 4391 quia
905 4307 964 4369 bac
982 4308 1031 4368 via
1047 4307 1111 4369 sine
1126 4305 1316 4370 offendiculo

363 4404 469 4488 pergis
480 4417 513 4468 et
526 4426 678 4490 properas
691 4406 721 4467 in
736 4406 864 4471 domum
883 4407 1018 4470 Domini.
1059 4407 1123 4468 Ubi
1137 4429 1313 4490 pauperum
