3384 5525
494 788 537 848 62
752 798 1184 843 Josuu1sssussuuuruums
1355 780 1400 859 [s.
1420 800 1453 844 u.

495 953 674 1017 Gallicanae
697 951 751 1033 qui
775 952 976 1014 vexationem
1000 950 1070 1034 ejus
1092 951 1137 1013 ita
1158 951 1274 1013 acerbe
1294 950 1403 1014 ferunt
1420 963 1457 1015 ut

495 1077 594 1119 suam.
639 1056 709 1117 Nec
732 1062 782 1116 est
802 1054 920 1135 aliquis
942 1074 1050 1117 eorum
1074 1053 1128 1136 qui
1152 1055 1299 1117 consulat
1319 1064 1356 1117 ut
1378 1075 1452 1117 sen·

493 1157 625 1221 tentiam
642 1165 780 1231 revocet,
795 1152 871 1217 dum
886 1154 1078 1218 inobediens
1093 1155 1275 1233 extiteritis,
1289 1165 1321 1218 st
1336 1176 1451 1220 exces-

495 1280 565 1321 sum
584 1267 722 1320 restrum
738 1257 798 1319 sub
813 1256 1039 1339 appellationis
1062 1268 1220 1340 praetextu
1236 1257 1339 1320 velitis
1354 1278 1454 1321 excu-

494 1381 574 1424 sare.
625 1358 763 1441 Recepit
792 1358 878 1420 enim
908 1360 1131 1442 appellatorias
1160 1369 1282 1422 vestras
1311 1368 1345 1422 et
1374 1358 1454 1422 alias

494 1460 623 1525 nomine
639 1459 880 1541 episcoporum,
894 1458 953 1521 etsi
974 1469 1118 1521 neutram
1134 1459 1291 1542 receperit
1312 1459 1453 1543 appella·

493 1564 625 1638 tionem,
640 1570 677 1623 ut
690 1582 733 1624 ex
749 1561 954 1642 responsione
970 1560 1042 1643 ejus
1057 1561 1151 1623 nobis
1167 1562 1273 1645 palam
1288 1572 1344 1623 est
1384 1563 1452 1623 Vos

493 1675 600 1729 autem
626 1663 675 1745 (ut
690 1661 748 1743 ait)
774 1684 833 1725 nec
850 1662 1026 1725 recessistis
1046 1662 1162 1741 adhuc,
1179 1684 1240 1726 neo
1262 1662 1291 1723 ei
1308 1682 1452 1745 unquam

492 1786 588 1849 super
610 1764 862 1848 appellationum
885 1764 1124 1827 renunciatione
1148 1763 1330 1847 scripsistis,
1353 1784 1452 1846 quum

491 1876 597 1929 tamen
619 1866 682 1927 hoc
703 1864 888 1945 patentibus
910 1862 1022 1927 litteris
1042 1875 1186 1948 oporteat
1208 1864 1288 1942 fieri,
1303 1864 1331 1926 si
1353 1865 1395 1927 ab
1411 1884 1449 1925 eo

492 1962 740 2028 misericordiam
757 1962 947 2044 expectatis.
991 1965 1226 2046 Appellatorias
1241 1987 1315 2028 vero
1330 1976 1452 2030 vestras

493 2065 625 2129 domino
645 2086 737 2147 papae
753 2063 854 2126 misit:
887 2073 919 2126 et
940 2065 1062 2128 utinam
1085 2087 1191 2129 verum
1213 2078 1298 2131 esset
1312 2067 1399 2152 quod
1415 2066 1451 2129 iu

494 2166 561 2229 suis
576 2164 721 2250 episcopi
735 2163 898 2227 testificati
915 2175 999 2240 suut,
1014 2164 1054 2227 de
1077 2162 1262 2230 innocentia
1276 2178 1308 2231 et
1322 2167 1453 2252 justitia

495 2266 616 2331 domini
641 2267 725 2347 regis
749 2266 805 2348 qui
828 2266 875 2343 (ut
896 2265 1000 2345 aiunt)
1024 2265 1120 2330 dulce
1143 2278 1235 2350 putat
1259 2269 1451 2352 obsequium

496 2367 621 2451 quoties
636 2379 791 2444 mouetur,
806 2379 842 2430 ut
863 2367 1010 2448 corrigat,
1026 2367 1053 2430 si
1069 2367 1147 2451 quid
1168 2369 1248 2432 forte
1264 2368 1400 2453 deliquit
1418 2370 1451 2432 in

498 2469 683 2532 Dominum.
728 2468 764 2531 si
786 2479 875 2531 tauta
893 2480 941 2531 est
962 2470 1142 2552 benignitas
1164 2470 1243 2554 ejus,
1262 2492 1359 2553 quare
1385 2492 1452 2534 nou

495 2570 691 2633 conveniunt
712 2591 796 2648 eum,
812 2580 849 2633 ut
868 2568 1025 2633 Ecclesia
1041 2572 1104 2634 Dei
1126 2582 1237 2656 parcat
1253 2582 1286 2635 et
1307 2570 1391 2636 sibi?
1423 2571 1451 2635 si

493 2692 559 2734 non
583 2681 642 2749 est,
665 2690 761 2752 quare
783 2671 967 2752 patentibus
992 2672 1105 2736 litteris
1130 2673 1291 2737 testificati
1314 2672 1447 2736 suntin

492 2773 615 2838 animas
639 2775 736 2837 suas?
769 2774 840 2837 haec
862 2774 1034 2857 praetendit
1055 2776 1329 2860 archiepiscopus,
1349 2786 1382 2839 et
1402 2776 1450 2839 sic

493 2874 735 2954 reluctantibus,
751 2885 783 2938 et
802 2886 949 2958 patenter
970 2875 1152 2940 sitientibus
1175 2878 1364 2960 sanguinem
1381 2877 1451 2962 ejus

492 2990 602 3042 contra
613 2977 795 3052 ecclesiam,
805 2990 838 3039 et
850 2977 990 3060 seipsum
1002 2979 1206 3060 acquiescere
1218 3001 1283 3041 nou
1297 2978 1449 3042 decrevit.

494 3079 652 3143 Coeterum
671 3078 698 3140 si
719 3099 775 3141 ros
801 3077 1024 3142 subtraxeritis
1050 3081 1148 3143 coetui
1171 3091 1449 3164 persequutorum,

493 3188 525 3241 et
539 3178 697 3241 redieritis
708 3198 766 3261 per
781 3178 1016 3242 exhibitionem
1033 3180 1233 3260 obedientiae,
1250 3182 1382 3265 pronior
1392 3181 1451 3245 erit

493 3276 535 3342 ad
563 3277 689 3340 reniam
720 3285 753 3339 et
783 3297 910 3341 omnem
943 3279 1192 3344 misericordiam
1222 3282 1449 3359 exercendam,

492 3398 589 3461 quam
603 3397 661 3439 vos
673 3375 715 3439 ad
729 3395 852 3458 preces,
863 3388 896 3441 et
909 3380 971 3444 hoc
984 3379 1127 3462 quidem,
1138 3383 1221 3447 sicut
1234 3384 1305 3466 ipse
1321 3382 1446 3460 videtis,

493 3477 562 3541 fieri
587 3475 731 3560 expedit,
755 3476 853 3540 immo
879 3500 1012 3544 necesse
1037 3492 1094 3545 est.
1141 3484 1239 3547 Scitis
1260 3486 1346 3549 euim
1369 3484 1447 3569 quid

493 3576 641 3641 dominus
656 3598 741 3662 papa
755 3578 954 3661 rescripserit
968 3579 1055 3644 fratri
1070 3593 1174 3647 restro
1188 3585 1344 3668 episcopo
1360 3579 1446 3648 Con·

493 3678 668 3753 manliensi,
685 3678 763 3761 quid
784 3680 881 3743 etiarn
901 3682 1008 3745 solatii
1031 3685 1123 3748 robis
1140 3685 1249 3749 asede
1268 3686 1449 3769 apostolica

492 3780 634 3843 retulerit
653 3779 797 3844 decanus
816 3792 928 3845 vester.
975 3781 1059 3848 Nam
1083 3797 1216 3849 conatus
1235 3785 1305 3870 ejus
1324 3797 1356 3850 et
1375 3807 1448 3870 pro·

493 3901 603 3944 cessus
632 3902 698 3944 non
726 3883 804 3946 latet
829 3882 1121 3969 archiepiscopum,
1146 3888 1203 3970 qui
1228 3909 1286 3971 per
1310 3888 1448 3953 nuncios

491 4002 567 4045 suos
589 4003 691 4065 nuper
712 3983 837 4065 recepit
859 3985 1071 4066 apostolicam
1094 3989 1359 4068 consolationem,
1374 4010 1448 4054 eum

491 4085 659 4146 multarum
669 4083 831 4146 fasciculis
842 4084 1028 4149 litterarum.
1051 4087 1208 4153 Praefatus
1216 4089 1449 4175 quoquedees-

412 4189 416 4198 '
491 4205 565 4258 nus,
588 4183 616 4246 si
639 4183 771 4266 dignum
799 4185 899 4264 ducit,
922 4189 1106 4254 meminisse
1132 4202 1239 4274 potest
1263 4194 1449 4276 pactionum

491 4306 572 4369 quas
586 4284 666 4364 iniit,
682 4294 716 4348 et
731 4286 916 4351 cautionum
932 4311 1012 4372 quas
1026 4292 1175 4374 praestitit
1195 4292 1327 4356 domino
1345 4313 1449 4378 papas,

491 4398 524 4450 et
545 4387 574 4450 si
594 4388 636 4450 ab
658 4385 782 4470 injuriis
806 4389 1043 4475 archiepiscopi
1066 4394 1115 4457 sui
1140 4406 1173 4456 et
1195 4393 1316 4456 domini
1335 4405 1447 4478 postes
