3384 5525
259 728 367 808 1167]
644 746 826 792 nersnonn,
1170 733 1209 793 41

254 910 339 962 retur
349 920 368 962 a
379 898 527 974 subditis,
537 900 619 963 sicut
631 898 831 977 Obededom,
840 920 914 964 arca
925 899 1057 962 Domini
1068 910 1212 982 recepte,

254 1000 288 1063 iu
303 1001 488 1065 ancillarum
509 999 728 1079 facunditate,
743 1012 776 1063 et
798 1022 941 1083 gregum,
958 1010 990 1063 et
1012 1001 1111 1064 totius
1133 1011 1210 1084 pos·

254 1101 406 1165 sessionis
421 1102 697 1185 multiplicatione,
713 1102 829 1166 divinae
844 1102 1083 1167 benedictionis
1097 1124 1213 1186 exper-

256 1216 305 1266 tus
320 1213 368 1266 est
383 1203 532 1268 fructum.
575 1205 621 1268 Et
636 1203 748 1267 Holda
767 1225 824 1288 per
838 1203 982 1290 ejusdem
1006 1226 1088 1269 arcae
1103 1225 1213 1287 recep-

255 1306 385 1384 tionem,
401 1307 532 1389 quando
549 1328 619 1369 eam
640 1306 757 1390 impius
772 1307 882 1370 Achaz
899 1306 1036 1389 ejecerat
1057 1327 1077 1369 a
1094 1307 1223 1390 templo

257 1407 403 1484 Domini,
415 1416 589 1491 assequuta
603 1418 652 1470 est
665 1408 700 1469 in
716 1407 842 1471 silentio
857 1409 1048 1490 pontificum
1063 1419 1095 1471 et
1110 1429 1212 1472 sacer-

257 1506 368 1570 dotum
389 1508 523 1589 gratiam
543 1507 737 1590 prophetiae:
766 1507 813 1569 sic
835 1528 892 1570 rex
914 1507 1213 1587 christianissimus,

257 1618 389 1692 recepta
413 1609 447 1670 in
473 1629 571 1690 regno
600 1629 659 1671 suo
684 1608 836 1671 Ecclesia
860 1608 1019 1684 Romana,
1046 1608 1087 1671 de
1112 1630 1214 1672 uxore

260 1710 404 1792 suscepit
420 1709 521 1771 filium
537 1709 624 1788 fidei,
639 1718 768 1772 auctore
786 1710 940 1788 Domino,
955 1720 987 1773 et
1006 1711 1097 1791 regni
1114 1711 1213 1773 baerc·

258 1811 343 1889 dem,
365 1833 460 1897 qucm
486 1811 560 1876 data
586 1811 649 1875 sibi
672 1811 815 1874 omnium
838 1810 1062 1893 expetibilium
1085 1811 1216 1893 optione

261 1913 535 1997 fueratpetiturus.
561 1916 658 1976 Nunc
669 1925 773 1976 autem
784 1934 840 1997 pro
851 1911 1047 1977 humanitate
1057 1915 1216 1977 Ecclesiae

259 2014 740 2096 exhibitaAnglicanae,novam,
748 2035 842 2097 quam
853 2035 910 2097 pro
921 2015 1049 2077 arbitrio
1059 2035 1116 2077 suo
1127 2013 1217 2077 dabit

260 2116 427 2195 Dominus,
438 2116 567 2197 gratiam
579 2116 779 2180 confidenter
787 2124 946 2199 expectat.
967 2116 1218 2199 Dominuspapa
1254 2179 1262 2192 ,

262 2217 520 2280 Cantuariensem
535 2218 795 2302 archiepiscopus
807 2218 912 2280 verbis
927 2227 959 2280 et
974 2218 1100 2301 scriptis
1115 2238 1217 2301 nuper

260 2321 441 2382 consolatus
458 2329 517 2396 est,
533 2330 566 2382 et
590 2322 711 2383 utinam
728 2320 877 2383 omnibus
900 2320 1079 2384 innotescat
1099 2320 1217 2404 quibus

260 2420 465 2505 pactionibus
485 2432 519 2484 et
537 2421 741 2485 cautionibus
761 2421 935 2486 obtinuerit
955 2423 1010 2485 ille
1027 2422 1152 2506 jurator
1166 2423 1216 2486 in·

264 2519 364 2605 signis
386 2546 424 2587 ea
447 2524 487 2587 de
515 2525 631 2607 quibus
653 2524 810 2588 Ecclesiae
838 2523 1007 2588 adversarii
1034 2526 1216 2607 gloriantur.

262 2625 307 2686 Et
318 2636 423 2686 tamen
437 2625 464 2686 si
477 2625 644 2707 pactiones
656 2624 974 2707 fuerintadimpletae‚
984 2626 1077 2688 nobis
1088 2623 1217 2689 abunde

265 2725 298 2786 in
319 2725 517 2788 restitutione
541 2725 719 2788 ablatorum
744 2736 776 2790 et
799 2747 880 2810 pace
902 2736 934 2790 et
955 2727 1123 2790 securitate
1143 2746 1216 2809 pro·

265 2837 411 2909 spectum
429 2840 487 2890 est·
521 2827 662 2889 Silentur
676 2828 746 2890 haec
761 2828 887 2890 interim
902 2828 1090 2890 necessitate
1106 2826 1216 2888 obedi·

261 2927 366 3004 entiae,
382 2927 439 2990 sed
454 2947 528 3009 spes
543 2937 593 2991 est
613 2927 645 2989 in
669 2926 759 2990 brevi
780 2926 891 2988 omnia
912 2923 1111 3008 propalanda
1126 2945 1215 2996 esse3

264 3027 350 3111 quia,
371 3038 405 3091 ut
424 3038 592 3111 pro-certo
616 3027 801 3105 didicimus,
822 3027 1009 3106 legatorum,
1033 3026 1088 3109 qui
1111 3046 1218 3109 spera-

263 3130 389 3205 bantur,
403 3128 557 3190 adventus
577 3149 752 3212 suspensus
775 3135 833 3206 est,
849 3136 904 3189 aut
921 3126 1051 3188 omnino
1072 3127 1217 3189 sublatus

258 3230 407 3314 juratoris
421 3228 533 3292 fraude
546 3238 720 3312 comperta.
753 3226 907 3290 Rescribe
919 3235 1076 3309 quatenus
1090 3225 1216 3289 licitum

264 3331 366 3406 suerit,
389 3329 475 3416 quod
501 3331 646 3394 ecclesiae
672 3339 704 3392 et
728 3329 825 3391 nobis
851 3328 884 3390 iu
909 3349 1012 3408 agone
1035 3327 1218 3391 Christiano

266 3433 420 3516 expedire
436 3432 531 3495 lucris
546 3433 726 3506 arbitratus,
742 3441 774 3494 et
789 3453 852 3508 me,
867 3431 1060 3512 ubicumque
1074 3430 1218 3492 locorum

265 3535 337 3612 sim,
351 3535 478 3597 noveris
494 3555 563 3598 esse
579 3533 831 3597 amantissimum
847 3532 904 3594 tui.

266 3705 487 3768 EPISTOLA
503 3703 876 3768 CCIV-nummum
888 3720 991 3766 surse.
1001 3719 1216 3766 unumunurn.

631 3805 675 3885 [A.
692 3824 724 3867 n.
743 3804 851 3884 1167.]

399 3942 539 4004 Domino
554 3939 674 4003 Miloni
689 3941 850 4023 Episcopo
866 3939 1080 4002 Morinorum.

310 4059 363 4120 Eo
374 4057 564 4120 sinceritatis
576 4070 687 4121 vestrae
704 4059 814 4123 titulus
829 4057 863 4119 in
880 4058 1009 4121 caritate
1021 4056 1220 4141 splendidius

268 4156 431 4236 elucescit,
446 4178 511 4240 quo
527 4178 569 4219 ex
585 4159 737 4222 relatione
757 4159 867 4222 latoris
882 4160 1087 4243 praesentium
1103 4158 1218 4222 certius

268 4268 404 4334 constat,
421 4256 507 4342 quod
523 4258 606 4320 inter
621 4260 819 4322 fortuitorum
835 4273 1005 4324 eventuum
1022 4260 1172 4334 turbineS,
1187 4267 1220 4317 et

268 4358 370 4422 varias
407 4359 564 4441 procellas
601 4360 811 4442 negotiorum,
842 4361 959 4442 quibus
998 4360 1094 4423 officii
1126 4357 1220 4419 vestri
