3384 5525
259 764 365 844 lton]
646 782 824 829 aorsrotm.
1174 768 1215 825 53

252 933 328 997 inde
342 935 377 998 in
393 956 483 998 oram
499 934 677 999 vestimenti
692 935 861 1011 derivatur,
876 944 911 998 ut
925 958 984 1019 pro
1004 935 1122 998 diriore
1146 934 1210 998 dis·

252 1037 454 1118 pensationis
478 1035 619 1109 decreto,
643 1048 677 1101 et
702 1038 885 1101 meritorum
911 1038 1012 1120 gratia
1035 1037 1211 1129 quemlibet

255 1139 364 1220 irriget
382 1140 570 1201 electorum.
616 1138 761 1215 Utinam,
781 1136 987 1202 dilectissime
1010 1138 1151 1217 domine,
1170 1138 1211 1202 dc

256 1240 316 1303 hac
335 1238 539 1322 plenitudine
554 1250 659 1301 vestra
678 1238 801 1321 aliquid
822 1240 1020 1323 accipiamus
1042 1251 1074 1303 et
1095 1261 1165 1317 nos,
1179 1248 1212 1303 et

256 1341 441 1422 agonizanti
454 1340 602 1420 ecclesiae
618 1340 728 1423 prosit,
744 1338 831 1423 quod
846 1340 880 1402 in
895 1351 1073 1424 conspectu
1088 1341 1211 1404 domini

256 1442 339 1523 regis
355 1443 487 1523 gratiam
500 1441 676 1505 invenistis.
705 1442 786 1514 Quae
797 1442 839 1504 sit
849 1442 935 1504 enim
944 1440 1087 1504 conditio
1102 1452 1212 1505 nostra

258 1564 322 1606 non
338 1543 476 1626 expedit
490 1544 653 1626 replicare,
665 1565 766 1627 quum
781 1543 883 1620 vobis,
894 1556 927 1606 at
941 1541 984 1621 de
997 1564 1094 1605 causa
1109 1552 1213 1605 vestra

255 1644 385 1727 plenius
409 1654 544 1721 constet,
564 1654 596 1707 et
620 1643 778 1708 immerita
801 1664 908 1725 poena.
952 1641 1018 1708 Sed
1041 1642 1213 1705 consilium

255 1747 383 1810 salubre
405 1746 447 1810 ad
470 1746 712 1824 conscientiam,
734 1757 766 1809 et
787 1746 957 1809 honestum
984 1745 1026 1807 ad
1052 1745 1167 1807 famam
1194 1764 1214 1807 a

259 1847 527 1932 vobisimpetrare
535 1867 703 1930 operosum
713 1857 772 1920 est,
783 1856 815 1908 et
823 1866 919 1928 prece
931 1844 1075 1927 dignum.
1096 1846 1215 1918 Quam·

258 1948 306 2010 vis
339 1950 426 2012 enim
461 1948 542 2012 mihi
574 1947 681 2012 adsint
714 1947 856 2011 subsidia
886 1946 1117 2030 temporalium,
1142 1945 1215 2008 Deo

256 2050 408 2133 propitio,
423 2071 490 2114 non
509 2049 664 2113 modoad
682 2049 916 2127 necessitatem,
931 2048 989 2111 sed
1003 2048 1046 2111 ad
1060 2047 1213 2130 gloriam:

256 2161 364 2213 tamen
377 2160 536 2234 quatenus
550 2151 639 2213 salva
646 2149 826 2229 integritate
838 2138 1044 2213 conscientiae
1054 2159 1085 2212 et
1096 2149 1213 2212 hones·

259 2259 326 2313 tate
340 2250 435 2314 famae
453 2251 589 2329 licuerit,
606 2261 733 2334 paratus
750 2271 821 2313 sum
837 2250 936 2334 juxta
957 2250 1125 2313 consilium
1147 2270 1215 2313 ves-

260 2365 343 2414 trum
375 2351 499 2415 domini
527 2352 613 2433 regis
643 2349 777 2432 gratiam
806 2353 989 2434 promereri,
1019 2352 1101 2415 nihil
1129 2352 1216 2414 enim

259 2451 407 2535 spondeo
431 2463 544 2517 contra
566 2452 685 2529 Deum,
711 2463 767 2515 aut
791 2452 819 2515 si
843 2472 985 2536 unquam
1008 2464 1215 2536 temptavero,

261 2573 351 2617 meos
366 2564 502 2618 conatus
515 2553 620 2637 pietas
634 2553 705 2637 ejus
719 2553 883 2636 impediat.
920 2555 1044 2619 Valete.

284 2904 510 2969 EPISTOLA
533 2904 745 2969 CCXL-ao
760 2922 938 2968 arcanoou
953 2918 1200 2966 cousraurmn·

430 3024 498 3069 ssu
513 3024 803 3071 sncnromcouuu.
851 3005 939 3084 [ao.
958 3002 1067 3082 1167.]

305 3191 470 3272 Mapiotro
484 3191 627 3255 Ricardo
641 3192 801 3273 Episcopo
817 3190 1060 3254 Constantiano
1074 3189 1186 3252 Archi·

677 3292 819 3356 diucrmo.

306 3452 529 3515 Pnoscalrsrr
550 3473 602 3516 me
626 3451 735 3534 gratis,
757 3451 843 3536 quod
865 3453 954 3516 novit
975 3453 1168 3528 Altissimus,
1186 3463 1220 3516 et

264 3575 321 3617 vos
336 3554 419 3618 scire
441 3555 585 3632 arbitror,
600 3554 752 3618 violentia
773 3553 913 3637 publicae
934 3555 1121 3636 potestatis;
1151 3552 1220 3631 sed,

263 3655 352 3719 uude
376 3655 419 3718 ad
441 3656 611 3737 gratiarum
633 3675 699 3718 non
722 3655 847 3719 sufficio
869 3655 1038 3733 actionem,
1061 3656 1152 3719 Deus
1175 3653 1221 3732 sic

263 3758 381 3820 itinera
407 3777 479 3820 moa
499 3757 618 3822 direxit
643 3768 675 3821 et
697 3778 805 3840 opera,
825 3768 861 3820 ut
880 3777 983 3820 rerum
1003 3757 1223 3840 experimento

266 3857 446 3935 didicerim,
462 3859 539 3942 quia
558 3879 631 3922 eum
652 3858 839 3921 timentibus
862 3857 943 3920 nihil
967 3857 1066 3933 deest,
1082 3857 1140 3920 scd
1161 3879 1222 3922 nec

265 3959 407 4041 aliquem
421 3960 662 4023 coexulautium
677 3959 763 4036 novi,
779 3959 842 4036 cui,
856 3979 923 4021 non
937 3957 1023 4038 dico,
1037 3958 1226 4035 tolerabilis,

268 4060 325 4124 sed
335 4060 488 4145 jucunda
502 4083 573 4125 esse
589 4083 656 4124 non
669 4062 785 4125 debeat
795 4059 937 4124 conditio
950 4081 1017 4124 sua.
1047 4062 1104 4124 Me
1120 4072 1226 4125 tamen

269 4161 367 4248 (quod
399 4162 469 4226 sine
498 4164 609 4226 timore
640 4183 706 4225 non
736 4161 882 4245 eloquor)
913 4162 1073 4225 Dominus
1103 4161 1226 4225 caeteris

269 4265 380 4328 mitius
395 4274 521 4341 tractat,
532 4274 566 4327 et
579 4262 718 4326 uberiori
733 4262 956 4346 temporalium
971 4263 1136 4326 affluentia
1151 4283 1228 4326 con·

269 4367 409 4429 solatur:
436 4365 573 4437 fortasse,
591 4363 761 4446 indignum
781 4375 944 4448 reputans,
959 4365 1013 4447 qui
1035 4363 1158 4446 aliquid
1174 4361 1230 4426 ad-
