3384 5525
439 785 502 843 952
716 795 853 839 rosnnrs
869 790 1148 836 sannsanmnnsrs
1299 770 1343 849 [Α.
1363 791 1393 833 n.

437 945 497 1011 nisi
513 945 593 1008 forte
614 944 771 1031 quispiam
795 954 986 1007 sectatorum
1009 941 1128 1007 Christi
1148 950 1237 1004 tanta
1256 938 1297 1003 sit
1314 938 1394 1002 cari·

437 1059 502 1113 tate
517 1069 686 1111 succensus
701 1058 737 1110 ut
751 1046 971 1110 universorum
987 1043 1100 1108 subeat
1114 1065 1222 1121 onera,
1235 1054 1267 1106 et
1284 1052 1393 1105 uratur

437 1151 469 1215 in
485 1148 635 1214 scandalo
656 1147 882 1234 proximorum.
931 1146 974 1211 Et
994 1145 1069 1232 quia
1085 1145 1173 1210 robis
1187 1145 1228 1207 de
1248 1143 1392 1229 passione

438 1250 566 1337 gloriosi
582 1249 732 1335 martyris
754 1249 888 1313 Thomae
904 1247 1140 1313 Cantuariensis
1155 1245 1393 1329 archiepiscopi,

439 1351 493 1438 qui
523 1371 585 1413 non
616 1351 711 1413 modo
740 1348 903 1414 ecclesiam
933 1348 1107 1435 propriam,
1135 1348 1190 1411 sed
1222 1360 1392 1431 utramque

439 1454 634 1540 provinciam
659 1451 839 1536 Anglorum
866 1450 1027 1515 miraculis
1053 1449 1163 1514 multis
1189 1462 1221 1513 et
1248 1448 1393 1511 maximis

440 1554 584 1631 irradiat,
599 1570 743 1619 constare
760 1577 820 1617 non
843 1553 971 1630 dubito,
987 1554 1019 1617 in
1043 1576 1080 1616 ea
1102 1574 1164 1615 non
1187 1550 1293 1616 censui
1317 1550 1392 1615 mihi

441 1657 565 1722 diutius
590 1656 844 1721 immorandum:
875 1657 1052 1744 praesertim
1080 1678 1180 1741 quum
1208 1668 1238 1718 et
1267 1667 1394 1738 tempus

441 1760 598 1826 scribendi
615 1763 711 1825 breve
726 1762 778 1841 sit,
792 1778 835 1835 et,
853 1773 889 1825 ut
912 1763 1023 1846 opinor
1041 1761 1108 1845 jam
1125 1759 1263 1844 fereper
1285 1758 1393 1821 orbem

443 1863 598 1926 Latinum
613 1884 654 1926 ex
669 1861 820 1927 relatione
843 1859 1054 1945 plurimorum
1070 1860 1110 1924 sit
1127 1872 1201 1923 nota
1215 1872 1247 1922 et
1263 1858 1395 1943 vulgata

442 1964 583 2028 materia.
632 1965 704 2027 Hoc
720 1982 825 2028 tamen
846 1962 878 2026 in
903 1975 991 2027 tanto
1012 1962 1130 2026 divinae
1152 1959 1395 2046 dispensationis

443 2087 573 2128 munere
595 2062 751 2128 silendum
775 2086 841 2127 esse
864 2085 926 2126 non
949 2062 1081 2139 credidi,
1101 2061 1189 2147 quod
1212 2060 1254 2125 ad
1278 2062 1341 2125 Dei
1363 2073 1394 2125 et

443 2169 593 2253 martyris
619 2165 669 2228 sui
695 2164 827 2249 gloriam
857 2163 994 2230 universi
1019 2164 1185 2227 mirantur.
1243 2163 1327 2241 Quia
1352 2162 1396 2226 sic

443 2290 551 2331 omnes
566 2267 811 2331 circumstantiae
829 2279 1023 2330 concurrunt
1045 2266 1079 2329 iu
1102 2288 1202 2350 agone
1225 2265 1394 2351 pontilicis,

444 2382 481 2431 ut
504 2367 652 2453 patientis
674 2367 804 2432 titulum
828 2380 984 2453 perpetuo
1006 2366 1213 2445 illustrarent,
1235 2381 1267 2430 et
1295 2389 1397 2451 perse·

444 2470 610 2555 quentium
626 2469 802 2534 revelarent
814 2468 1021 2555 impietatem,
1033 2482 1063 2534 et
1076 2491 1189 2532 nomen
1204 2471 1396 2554 sempiterno

444 2572 639 2635 macularent
662 2572 844 2657 opprobrio.
892 2571 925 2638 si
949 2571 1030 2635 enim
1056 2593 1204 2657 personas
1227 2570 1301 2634 hinc
1324 2570 1399 2634 inde

443 2673 560 2738 intueri
585 2686 616 2738 et
643 2675 748 2737 metiri
775 2674 940 2759 placuerit,
963 2674 1102 2738 occurrit
1131 2674 1204 2738 hinc
1231 2673 1398 2758 religiosus

444 2774 710 2860 archiepiscopus,
723 2775 959 2840 Britanniarnm
977 2776 1105 2862 primas,
1119 2777 1202 2841 sedis
1217 2776 1400 2863 apostolicae

446 2877 580 2962 legatuS,
599 2875 702 2962 judex
717 2876 1017 2962 incorruptissimus,
1035 2891 1147 2964 utpote
1172 2901 1229 2942 nec
1252 2891 1399 2962 acceptor

445 3001 650 3065 personarum
663 3000 721 3044 nec
733 3002 913 3056 munerum,
926 2995 1062 3045 assertor
1076 2979 1293 3044 ecclesiasticae
1306 2979 1402 3043 liber-

446 3079 533 3157 tatis,
544 3092 576 3143 et
591 3079 680 3166 quasi
697 3081 795 3144 turris
805 3092 909 3143 erecta
924 3079 956 3142 in
972 3079 1150 3144 Jerusalem
1164 3092 1276 3145 contra
1286 3079 1399 3143 faciem

447 3183 608 3260 Damasci,
619 3181 751 3247 malleus
762 3181 944 3268 impiorum,
957 3181 1010 3246 sed
1027 3204 1204 3267 pauperum
1217 3195 1250 3247 et
1264 3204 1396 3245 maeren·

446 3280 527 3345 tium
542 3281 729 3348 consolator.
774 3283 897 3348 Viderit
919 3285 977 3369 qui
992 3285 1126 3362 noverit,
1141 3287 1215 3369 quis
1234 3307 1252 3347 e
1269 3284 1398 3368 regione

445 3381 607 3468 procedat.
653 3387 699 3447 Et
726 3383 751 3446 si
777 3407 873 3448 cansa
898 3398 1068 3471 martyrem
1092 3386 1180 3463 facit,
1204 3386 1292 3472 quod
1318 3384 1399 3449 nulli

446 3496 566 3548 rectum
590 3484 724 3568 sapienti
748 3483 833 3549 venit
856 3486 888 3548 in
912 3486 1059 3567 dubium,
1074 3488 1151 3573 qnid
1170 3488 1303 3574 justius,
1320 3486 1398 3573 qnid

448 3585 585 3650 sanctius
615 3607 712 3650 causa
740 3587 832 3672 ejus?
873 3589 930 3672 qui
959 3613 1036 3675 opes
1065 3604 1097 3654 et
1127 3613 1251 3653 omnem
1286 3589 1399 3653 mundi

448 3687 592 3772 gloriam,
618 3687 675 3772 qui
700 3688 872 3753 amicornm
900 3704 932 3754 et
960 3692 1059 3756 totius
1084 3692 1281 3777 cognationis
1307 3691 1400 3754 affec-

448 3789 565 3853 tionem
581 3812 640 3875 pro
656 3791 775 3855 Christi
791 3814 897 3855 amore
912 3809 1125 3869 contemnens,
1137 3794 1267 3857 exilium
1286 3794 1396 3864 subiit,

448 3915 481 3954 se
503 3904 535 3955 et
558 3914 630 3955 suos
651 3914 759 3955 onmes
780 3896 928 3978 exposuit
954 3894 1115 3979 periculis,
1138 3909 1169 3959 et
1196 3894 1398 3980 paupertati:

448 3991 504 4077 qui
520 4014 579 4076 pro
590 3991 659 4076 lege
675 3993 736 4055 Dei
752 3993 799 4057 sui
816 3994 936 4058 tuenda
950 4008 982 4058 et
993 3996 1184 4060 evacuandis
1195 3995 1401 4059 abusionibus

450 4111 590 4157 veterum
610 4107 815 4179 tyrannorum
832 4096 966 4160 certavit
981 4119 1085 4180 usque
1100 4095 1139 4159 ad
1159 4109 1313 4160 mortem:
1345 4116 1403 4157 nec

448 4196 480 4258 in
509 4195 617 4280 aliqua
645 4195 849 4279 obligatione,
880 4212 1049 4283 postquam
1079 4198 1175 4261 semel
1205 4197 1313 4283 lapsus
1342 4209 1402 4273 est,

449 4310 562 4383 captus
587 4296 802 4361 insidiantium
831 4299 916 4377 dolo,
943 4297 1049 4362 induci
1080 4297 1187 4383 potuit
1216 4311 1250 4362 ut
1278 4296 1400 4382 aliquid

449 4421 557 4463 eorum
582 4421 656 4483 quae
670 4400 711 4463 ab
726 4398 795 4484 ipso
809 4398 1021 4483 exigebantur
1044 4399 1258 4483 promitteret,
1275 4398 1351 4483 quin
1369 4398 1402 4460 in
