3384 5525
372 779 436 838 210
645 787 781 835 rosanus
799 784 1078 830 sanasnuarsrvsrs
1236 767 1282 847 [A.
1301 788 1330 832 o.

377 944 562 1027 praescripta
576 941 678 1003 forma
696 939 782 1025 pacis
798 939 985 1003 sacramenti
1005 935 1157 1021 religione
1172 937 1331 1014 astrinxit,

375 1043 463 1130 quod
479 1041 654 1130 praefinitos
676 1045 826 1106 terminos
847 1063 909 1103 non
933 1039 1143 1104 excederent:
1175 1038 1332 1105 mandatis

377 1169 506 1232 quoque
521 1144 682 1230 adjiciens,
697 1157 733 1208 ut
748 1166 767 1207 a
782 1146 869 1229 regis
885 1142 1067 1227 sumptibus
1078 1142 1258 1206 abstineant
1275 1142 1332 1207 nisi

375 1271 453 1334 pace
463 1248 603 1313 ecclesiae
615 1248 796 1333 impetrata,
809 1259 840 1310 et
857 1269 896 1309 ne
912 1245 996 1309 ultra
1007 1245 1090 1308 diem
1104 1244 1160 1330 qui
1171 1246 1333 1330 praestitus

377 1362 425 1414 est
440 1350 577 1435 aliquam
594 1348 711 1412 faciant
727 1370 860 1412 moram.
905 1349 1021 1411 Forma
1035 1358 1142 1412 autem
1159 1349 1246 1431 pacis
1262 1370 1332 1432 quae

375 1451 611 1537 archiepiscopo
626 1472 778 1535 expressa
793 1462 839 1513 est
857 1448 936 1511 nihil
952 1448 1154 1514 inhonestum
1178 1450 1330 1527 continet,

374 1553 426 1616 vel
448 1553 535 1638 quod
551 1552 713 1616 ecclesiam
736 1551 887 1615 dedeceat
911 1564 969 1615 aut
990 1573 1168 1637 personam,
1185 1574 1243 1615 nec
1263 1575 1332 1616 auc·

375 1654 536 1719 toritatem
563 1654 632 1740 ejus
658 1652 689 1716 in
717 1653 827 1739 aliquo
854 1652 980 1733 minuit,
1006 1652 1085 1739 quin
1111 1652 1223 1734 libere,
1248 1654 1333 1717 omni

375 1757 538 1820 occasione
553 1769 585 1819 et
601 1754 813 1841 appellatione
827 1766 979 1830 cessante,
995 1753 1027 1816 in
1040 1752 1145 1840 ipsum
1166 1776 1288 1841 regern,
1303 1756 1332 1819 in

374 1879 509 1941 regnum
533 1868 565 1921 et
586 1878 736 1944 personas
758 1855 848 1939 regni
871 1853 1067 1918 severitatem
1092 1855 1332 1920 ecclesiasticam

375 1962 478 2022 valeat
501 1981 659 2036 exercere,
676 1969 772 2042 prout
796 1955 856 2020 sibi
880 1969 911 2022 et
935 1955 1074 2018 ecclesiae
1097 1955 1160 2019 Dei
1182 1957 1332 2042 expedire

375 2060 570 2144 cognoverit.
617 2058 793 2123 Consilium
810 2070 915 2121 tamen
939 2056 1112 2120 amicorum
1133 2071 1194 2135 est,
1210 2081 1333 2123 eorum-

367 2171 437 2245 'que
453 2162 643 2248 sapientum,
658 2174 695 2224 ut
712 2161 788 2224 dum
805 2158 891 2243 pacis
912 2160 1009 2224 verba
1024 2172 1205 2224 tractantur
1225 2161 1332 2225 mitius

374 2277 461 2346 agat,
473 2280 505 2330 et
519 2264 620 2327 multa
632 2262 810 2327 dissimulet
822 2287 829 2325 ε
855 2274 977 2348 postea,
989 2266 1026 2337 si,
1042 2262 1144 2347 (quod
1156 2263 1256 2347 absit)
1270 2287 1331 2350 pax

374 2387 437 2427 non
453 2366 650 2451 processerit,
660 2364 791 2451 gravius
803 2365 894 2450 quasi
907 2366 1079 2449 resumptis
1091 2364 1215 2432 viribus
1229 2389 1333 2452 perse·

373 2479 529 2552 quutores
543 2466 682 2531 ecclesiae
698 2481 924 2552 prostraturus.

417 2570 516 2654 Spera
530 2592 618 2653 ergo,
632 2568 746 2633 dilecte
760 2569 812 2644 mi,
823 2582 855 2633 et
872 2569 1028 2655 quicquid
1042 2570 1167 2636 interim
1181 2570 1329 2651 audieris,

372 2691 435 2733 non
451 2671 617 2745 movearis,
634 2670 710 2756 quia
724 2672 813 2735 Deus
828 2670 860 2734 in
877 2684 947 2736 tuto
961 2673 1070 2758 posuit
1085 2695 1214 2737 causam
1231 2697 1328 2741 suam.

372 2773 493 2838 Audies
509 2774 592 2838 sorte
611 2774 794 2858 superbiam
812 2776 932 2839 Moab:
965 2775 1019 2839 sed
1040 2776 1221 2842 memineris
1241 2778 1328 2863 quod

372 2877 521 2963 superbia
536 2877 637 2962 major
651 2887 699 2940 est
714 2900 811 2962 qnam
833 2876 992 2942 fortitudo
1007 2878 1086 2962 ejus.
1126 2883 1211 2943 Nam
1228 2879 1329 2945 territi

372 2982 502 3046 suntin
526 2980 601 3047 Sion
625 2992 818 3065 peccatores,
841 2978 984 3066 possedit
1012 2981 1107 3044 timor
1134 2980 1329 3066 hypocritas,

371 3082 428 3166 qui
454 3082 513 3148 nisi
535 3093 738 3145 revertantur
759 3104 777 3144 a
800 3080 960 3166 pravitate
983 3103 1051 3159 sua,
1074 3081 1277 3165 expellentur
1299 3095 1329 3149 et

371 3191 453 3244 stare
479 3205 542 3245 non
568 3195 738 3267 poterunt:
767 3183 836 3268 jam
862 3182 945 3246 enim
975 3181 1093 3246 securis
1119 3181 1158 3245 ad
1189 3180 1328 3246 radicem

371 3301 480 3343 eorum
506 3282 610 3365 posita
635 3295 693 3356 est,
718 3296 750 3345 et
778 3282 991 3347 ventilabrum
1017 3282 1113 3347 habet
1137 3282 1272 3368 angelus
1297 3283 1327 3347 in

370 3402 466 3444 manu
483 3404 552 3461 sua,
563 3394 600 3445 nt
615 3405 714 3464 grana
726 3383 884 3449 discernat
900 3409 919 3448 a
931 3384 1039 3471 paleis.
1072 3385 1204 3450 Praefati
1221 3385 1327 3450 nuncii

369 3481 410 3545 ad
427 3505 532 3566 regem
549 3482 683 3567 profecti
699 3496 785 3560 sunt,
802 3486 855 3550 sed
874 3487 954 3573 quid
970 3488 1058 3573 apud
1077 3487 1184 3571 ipsum
1200 3488 1326 3553 invene·

366 3583 444 3660 rint,
460 3583 601 3648 nondum
626 3585 716 3648 nobis
738 3588 897 3653 innotuit:
930 3591 989 3654 hoc
1012 3602 1117 3653 tamen
1133 3603 1256 3655 certum
1280 3603 1327 3656 est

368 3684 455 3770 quod
473 3708 505 3748 se
520 3709 576 3750 rex
589 3686 686 3750 verbo
700 3701 731 3752 et
749 3692 867 3777 scripto
877 3692 1033 3776 obligavit
1049 3691 1090 3755 ad
1101 3693 1324 3779 exequendum

366 3787 586 3853 consiliumet
610 3791 794 3856 mandatum
826 3793 947 3857 domini
974 3818 1078 3881 papae,
1101 3795 1325 3882 scriptumque

366 3889 435 3974 ejus
450 3911 516 3974 prae
533 3890 677 3955 manibus
693 3906 751 3970 cst,
763 3916 781 3955 a
794 3918 859 3979 quo
874 3896 899 3959 si
916 3895 1074 3974 resilierit,
1087 3896 1180 3960 facile
1195 3898 1325 3961 convin-

366 4004 468 4065 cetur,
493 3992 547 4054 sed
572 4014 628 4054 nec
652 3992 695 4055 sic
717 3994 911 4059 credendum
933 3997 1055 4062 censuit
1078 3997 1222 4074 ecclesia,
1237 4013 1324 4062 ante·

367 4115 462 4178 quam
487 4093 655 4158 verborum
679 4094 773 4158 fidem
795 4120 928 4182 operum
945 4099 1127 4164 testimonio
1149 4099 1322 4164 roboraret.

366 4193 531 4259 Salutatus
553 4217 572 4257 a
599 4207 640 4270 te,
665 4195 839 4280 plurimum
865 4212 896 4263 et
919 4199 1094 4265 affectuose
1116 4213 1149 4264 te
1171 4204 1323 4279 resalutat

364 4297 633 4384 archiepiscopus,
645 4320 677 4360 se
693 4298 734 4362 ad
746 4322 885 4364 amorem
902 4315 934 4366 et
946 4300 1096 4366 honorem
1115 4321 1211 4368 tuum
1226 4322 1321 4388 expo·

362 4417 439 4460 neus
454 4396 690 4481 promptissima
706 4396 885 4463 devotione.
