3384 5525
374 759 482 836 1168]
759 776 937 818 saissonis.
1267 763 1322 819 lot

367 925 610 1010 Burgundiam:
636 925 856 988 Alemanniam
868 941 967 988 totam
978 925 1093 1008 reperit
1104 923 1277 1000 turbatam,
1289 939 1324 990 ut

364 1027 393 1090 ei
414 1029 483 1112 jam
512 1028 658 1090 rideatur
682 1029 887 1110 promeritum
912 1027 1125 1113 praecipitium
1149 1026 1323 1091 imminere.

368 1129 453 1206 Quid
470 1153 547 1213 ergo
563 1147 707 1214 superest
723 1153 741 1192 a
758 1130 896 1194 Domino
910 1130 1153 1215 expectandum,
1163 1129 1222 1192 nisi
1240 1143 1275 1193 nt
1291 1145 1323 1193 et

364 1233 395 1293 ei
409 1244 613 1315 compereant
632 1229 732 1294 latera
755 1253 829 1294 sua:
861 1243 893 1294 et
915 1254 998 1317 quos
1018 1229 1186 1312 complices
1208 1230 1322 1294 babuit

366 1331 399 1394 in
414 1354 532 1407 errore,
548 1331 678 1395 comites
695 1330 808 1393 habeat
826 1335 857 1393 in
877 1332 981 1394 ruina.
1027 1335 1111 1394 Nam
1126 1344 1158 1394 et
1178 1331 1210 1393 in
1227 1330 1321 1396 Rith·

368 1432 491 1496 machia
507 1431 684 1496 ludentium
701 1432 762 1494 boc
776 1431 895 1496 indicat
912 1433 1005 1517 jocus
1026 1433 1081 1495 ubi
1105 1437 1250 1517 quotiens
1264 1457 1321 1497 nu·

365 1532 470 1596 fertur
492 1534 634 1618 pyramis
663 1532 850 1618 intercepta,
877 1533 993 1596 totiens
1017 1534 1189 1596 concidunt
1221 1534 1321 1599 latera

367 1632 445 1716 ejus.
492 1634 606 1697 Nonne
624 1633 738 1697 harum
753 1632 958 1718 pyramidum
977 1634 1075 1697 instar
1090 1634 1208 1699 liabent
1224 1635 1320 1698 seculi

366 1733 749 1819 potestateS,etquaelibet
759 1731 1071 1817 amplaedomus‚ubi
1081 1734 1171 1816 quasi
1181 1736 1322 1820 corporis

366 1833 510 1898 membra
530 1835 627 1918 capiti
644 1856 701 1898 sno
718 1846 947 1909 concurruunt,
963 1832 1021 1918 qui
1040 1834 1081 1896 de
1096 1833 1180 1898 illius
1200 1834 1322 1898 viribus

366 1950 477 2002 contra
493 1937 666 2002 Dominum
681 1937 910 2013 intumuerant,
927 1951 960 2002 et
975 1938 1006 2000 in
1023 1938 1143 2001 Christi
1166 1961 1322 2024 pauperes

365 2038 550 2103 saeviebant.
598 2038 746 2102 Profecto
762 2037 876 2102 coelum
897 2053 929 2103 et
952 2052 1037 2102 terra
1058 2040 1249 2115 transibunt,
1265 2041 1320 2104 sed

366 2161 428 2204 non
445 2140 542 2204 verba
552 2139 694 2204 Domini.
722 2142 811 2225 Ergo
821 2153 852 2204 ct
862 2141 917 2226 qui
927 2163 1010 2205 nrtnc
1018 2143 1180 2228 praedator
1191 2155 1250 2222 est,
1259 2143 1319 2207 erit

366 2257 398 2306 et
412 2242 481 2326 ipse
501 2243 533 2305 in
550 2242 710 2327 praedam:
736 2256 768 2306 et
791 2242 848 2328 qui
871 2243 937 2307 sine
953 2244 1165 2307 misericordia
1182 2245 1319 2330 judicat,

367 2341 433 2406 sine
459 2342 672 2406 misericordia
695 2343 978 2408 condemnabitur:
1016 2360 1142 2409 etcum
1174 2368 1320 2430 perverso

364 2457 567 2530 pervertetur
576 2457 608 2508 et
622 2448 722 2524 Deus,
733 2457 765 2508 et
777 2467 833 2530 per
845 2468 918 2530 quae
935 2447 1077 2530 peccavit
1090 2448 1173 2533 quis,
1185 2470 1242 2532 per
1251 2447 1320 2513 lraec

366 2558 397 2610 et
414 2544 585 2630 punietur:
616 2557 648 2609 et
670 2568 729 2630 pro
747 2546 874 2630 justitia
897 2547 1093 2632 patientibus
1115 2572 1199 2612 veroe
1221 2550 1320 2614 beati-

366 2646 488 2711 tudinis
502 2646 634 2711 dabitur
655 2647 839 2712 consolatio.
887 2654 959 2713 Hoc
982 2650 1095 2736 utique
1114 2651 1320 2736 probabilius,

365 2770 463 2832 quam
488 2761 525 2813 ut
546 2748 662 2813 coelum
689 2760 720 2814 et
743 2764 828 2815 terra
853 2764 1023 2828 transeant,
1048 2755 1124 2839 quia
1142 2752 1319 2817 evidentior

365 2850 484 2915 assistit
499 2850 580 2915 ratio
600 2852 772 2938 aequitatis,
788 2852 841 2916 sed
858 2876 920 2916 non
942 2854 1065 2919 verius:
1096 2854 1172 2939 quia
1196 2866 1320 2917 utrum-

363 2974 428 3039 que
444 2953 507 3018 Dei
521 2952 685 3019 decretum
700 2967 759 3035 est,
773 2971 806 3019 et
821 2955 986 3040 integritas
1002 2954 1087 3020 fidei.
1129 2954 1248 3018 Valete.

375 3370 598 3436 EPtsTOLA
621 3370 807 3435 ech-m
822 3389 1008 3433 noanurmt
1024 3388 1144 3433 sitiunt
1161 3389 1307 3433 ,uarium

734 3471 778 3551 [s.
796 3492 827 3537 n.
846 3474 955 3554 1168]

603 3629 691 3694 Idam
706 3631 925 3713 Robertofilio
938 3632 1081 3713 Egida‘ae.

408 3768 565 3829 Maouou
578 3763 700 3848 (frater)
718 3776 765 3828 est
779 3762 869 3849 quod
879 3762 1095 3849 prerogativa
1104 3760 1206 3847 exigit
1217 3786 1318 3830 atcer-

365 3865 462 3943 dotis,
485 3865 539 3929 sed
563 3866 665 3949 gratia
687 3864 749 3929 Dei
771 3878 819 3930 est
842 3886 918 3951 quoe
943 3864 1085 3931 maxima
1107 3862 1217 3951 largiri
1245 3888 1319 3933 con-

367 3970 485 4032 suevit:
511 3968 577 4030 sine
598 3990 635 4031 ea
650 3966 728 4032 nibil
750 3980 856 4053 potest
879 3966 1018 4033 humana
1030 3963 1198 4051 fragilitas.
1213 3978 1247 4033 et
1260 3990 1320 4057 per

365 4091 434 4133 eam
457 4069 581 4154 quaevis
595 4068 760 4135 infirmitas
775 4068 816 4134 ad
832 4068 1067 4157 quantumlibet
1087 4064 1226 4158 grandia
1242 4090 1319 4135 oon·

365 4170 507 4247 valescit,
535 4184 572 4235 ut
598 4171 744 4257 exigente
770 4170 955 4238 necessitate
982 4168 1035 4237 vel
1059 4166 1130 4237 util‘
1163 4158 1166 4162 ’
1271 4170 1319 4239 iat

362 4272 447 4338 sicut
462 4295 575 4337 cervus
592 4273 736 4353 claudus,
750 4285 782 4338 et
797 4272 949 4361 eloquens
963 4274 1006 4339 sit
1018 4272 1043 4339 ll
1310 4322 1320 4341 .

366 4372 1055 4461 lneamergoteprojioiastotum,etutobt'
1178 4305 1234 4578 ‘J
1256 4381 1272 4414 '¹
