3384 5525
363 765 423 823 128
643 776 778 819 Jorums
795 774 1075 819 saansaanrnusrs
1221 759 1264 839 [A.
1285 780 1317 822 u.
1396 783 1403 798 ·

366 931 539 1011 diligentia,
554 941 584 992 et
600 940 665 993 tota
679 930 797 993 mentis
808 927 1026 992 sollicitudine
1042 950 1169 1011 semper
1180 940 1323 994 teneatur

365 1032 486 1096 amicus
508 1032 584 1095 dum
604 1031 670 1093 fieri
692 1042 798 1114 potest
821 1031 973 1094 incolumi
996 1031 1166 1112 religione:
1201 1032 1227 1094 si
1250 1054 1322 1096 vero

365 1134 532 1213 contingat
547 1134 698 1197 articulus
718 1144 754 1195 ut
771 1142 825 1212 aut
839 1134 946 1215 ipsum
967 1132 1130 1195 offendere
1146 1134 1321 1197 necessitas
1396 1194 1398 1199 .

365 1246 485 1315 urgeat,
506 1246 561 1298 aut
582 1257 728 1318 peceare,
755 1236 843 1297 Deus
870 1246 919 1297 est
940 1233 1168 1316 praeserenduS,
1190 1248 1227 1298 ut
1246 1257 1322 1299 con·

366 1338 508 1399 scientiae
525 1347 665 1400 servetur
678 1336 853 1418 integritas.
884 1338 953 1398 Nee
971 1335 1037 1398 fieri
1052 1336 1138 1398 mala
1152 1334 1272 1402 debent
1287 1350 1321 1402 ut

366 1441 556 1521 proveniant
568 1442 668 1502 bona:
692 1462 752 1502 nec
769 1439 899 1501 offensis
911 1438 1068 1520 placanda
1084 1445 1134 1499 est
1144 1438 1322 1521 indignatio

367 1541 542 1623 majestatis
562 1552 597 1604 ut
612 1541 755 1603 fidelium
778 1560 907 1601 suorum
923 1549 1087 1601 convertat
1108 1550 1165 1602 aut
1179 1551 1323 1604 conterat

367 1641 525 1704 inimicos.
570 1643 604 1705 si
619 1643 672 1704 ille
687 1662 746 1724 pro
762 1640 865 1716 nobis,
882 1640 955 1722 quis
971 1651 1080 1702 contra
1095 1638 1178 1701 uos?
1213 1642 1323 1724 ltaque

369 1742 395 1804 si
417 1743 673 1805 ratihabitionem
696 1741 872 1819 exegerint,
894 1741 919 1803 si
941 1740 1091 1822 petierint
1117 1742 1325 1825 subscriptio·

368 1865 453 1918 nem,
469 1845 548 1906 mihi
570 1844 703 1920 videtur,
726 1844 813 1904 salva
834 1841 1009 1904 reverentia
1031 1841 1157 1905 consilii
1180 1844 1323 1926 potioris,

369 1943 455 2026 quod
477 1943 587 2005 dilatio
611 1944 674 2025 peti
699 1953 816 2025 potest,
832 1943 935 2006 donec
960 1944 1132 2027 episcopus
1153 1946 1323 2009 ecclesiam

368 2066 457 2106 suam
474 2046 633 2119 consulat,
645 2056 678 2108 et
692 2046 855 2126 religiosos
868 2047 951 2108 viros
967 2045 1128 2128 parochiae
1140 2069 1217 2111 suae.
1248 2049 1324 2110 Non

367 2145 453 2207 enim
477 2144 600 2208 videtur
622 2145 750 2228 grandis
772 2169 841 2210 esse
866 2146 1054 2230 prudentiae,
1077 2149 1105 2211 si
1132 2149 1230 2212 homo
1256 2150 1323 2212 sine

369 2250 498 2329 querela
510 2270 542 2311 se
555 2250 720 2330 immergat
734 2249 845 2329 litigiis
858 2251 989 2312 alienis:
1017 2262 1049 2313 et
1063 2272 1161 2334 quum
1178 2252 1269 2315 testis
1284 2252 1324 2315 sit

369 2372 506 2414 asserere
522 2373 594 2435 quae
616 2350 694 2414 vidit
716 2360 747 2413 et
767 2352 899 2429 audivit,
915 2352 992 2434 quid
1010 2354 1176 2418 testificari
1198 2355 1323 2438 poterit,

368 2455 421 2537 qui
438 2477 497 2517 nec
513 2454 655 2516 interfuit
670 2454 811 2533 negotio,
824 2476 884 2517 nec
899 2454 989 2517 audit
1003 2455 1065 2517 nisi
1080 2457 1180 2539 partis
1195 2456 1323 2519 alterius

368 2556 477 2619 hostes
501 2565 678 2640 quaerentes
695 2577 767 2638 quae
791 2577 848 2617 sua
871 2566 956 2630 sunt,
980 2577 1044 2617 nou
1068 2578 1140 2639 quae
1166 2558 1252 2620 Dei?
1280 2559 1323 2620 Et

369 2658 429 2721 hac
457 2657 569 2720 eadem
596 2657 718 2719 ratione
746 2656 791 2718 uti
818 2667 979 2738 poterunt,
1006 2658 1060 2740 qui
1088 2660 1323 2742 appellantibus

369 2759 549 2824 defuerunt:
567 2758 742 2843 prasertim
753 2781 852 2843 quum
863 2780 921 2822 nec
932 2758 1152 2824 mandaverint
1161 2764 1323 2845 appellari,

368 2884 428 2926 nec
446 2863 565 2926 conscii
582 2862 709 2925 fuerint.
754 2861 919 2935 Poterant,
941 2861 1085 2944 inquam,
1100 2863 1126 2925 si
1148 2863 1205 2947 qui
1220 2875 1321 2927 tamen

368 2965 489 3027 suntin
504 2975 592 3027 tanto
614 2984 721 3044 regno,
737 2962 791 3044 qui
813 2962 987 3038 veritatem,
1005 2985 1101 3046 quam
1123 2975 1230 3028 mente
1247 2985 1322 3027 con·

368 3077 529 3148 ceperunt,
543 3066 682 3128 audeaut
694 3061 843 3147 profiteri.
876 3064 1113 3128 Loudouiensis
1126 3066 1218 3129 timet
1227 3063 1322 3148 capiti

369 3187 438 3241 suo,
458 3177 489 3228 et
515 3167 588 3230 ideo
611 3166 726 3229 furoris
748 3166 853 3229 socios
877 3166 1001 3250 quaerit,
1024 3178 1059 3229 ut
1080 3177 1244 3230 remaneat
1265 3168 1321 3229 im·

367 3267 515 3349 punitum
540 3269 626 3350 quod
651 3291 670 3330 a
696 3280 760 3330 tam
784 3269 892 3331 multis
917 3268 1096 3332 constiterit
1120 3270 1217 3332 fuisse
1242 3291 1321 3354 pne·

367 3380 538 3449 sumptum.
585 3369 682 3439 Quod
707 3371 735 3431 si
760 3370 930 3432 instantius
953 3381 1097 3451 urgeant,
1117 3370 1276 3434 deferatur
1296 3371 1321 3434 si

368 3467 436 3529 fieri
465 3480 571 3549 potest
601 3468 641 3530 ad
672 3469 878 3533 cardinalium
915 3471 1193 3533 consultationem.
1247 3471 1319 3532 Hoc

366 3582 470 3633 tamen
489 3571 642 3633 voluntati
657 3572 741 3650 regis
756 3574 938 3653 negandum
954 3595 1017 3635 non
1035 3573 1104 3650 erit,
1117 3571 1195 3655 quin
1210 3593 1268 3654 pro
1284 3592 1321 3634 eo

367 3672 530 3748 scribatur,
551 3672 701 3754 quatinus
724 3676 905 3756 apparuerit
922 3674 1048 3757 justitia
1070 3674 1157 3756 ejus:
1191 3685 1222 3736 et
1244 3695 1318 3736 exo

365 3786 449 3836 retur
472 3774 620 3837 dominus
642 3796 726 3857 papa
749 3787 783 3837 ut
805 3776 952 3838 ecclesias
978 3776 1127 3838 reformet
1153 3796 1268 3858 pacem
1291 3786 1321 3836 et

365 3876 449 3956 regis
471 3876 621 3938 honorem
646 3887 758 3953 servet,
780 3890 809 3939 et
831 3878 990 3962 justitiam
1017 3888 1215 3959 promoveat,
1237 3877 1319 3940 sicut

365 3977 508 4041 docuerit
524 3979 659 4060 Spiritus
675 3979 821 4043 Sanctus.
856 3981 890 4043 Si
907 3992 1011 4043 autem
1027 3979 1223 4062 specialiora
1238 4001 1321 4062 quae-

365 4081 486 4155 sierint,
503 4082 657 4164 quicquid
682 4095 791 4147 contra
814 4084 1044 4147 conscientiam
1068 4094 1101 4146 et
1123 4076 1320 4147 honestatem

364 4183 613 4265 specificabitur,
623 4205 688 4246 non
703 4185 837 4248 habebit
848 4186 989 4267 speeiem
999 4186 1050 4247 vel
1067 4184 1320 4264 decorem,certe

363 4286 537 4349 necessitas
557 4287 676 4349 felices,
722 4288 1007 4370 Persequutionem
1030 4307 1137 4351 causa)
1159 4288 1320 4371 suscipere

363 4388 491 4474 qrridem
508 4411 571 4452 non
588 4389 734 4472 expedit:
760 4389 816 4451 sed
834 4391 887 4472 qui
905 4400 1035 4453 coactus
1050 4389 1157 4467 fuerit,
1169 4389 1322 4472 gaudebit
