3384 5525
362 764 424 822 2110
623 774 758 821 roauurs
775 773 1053 820 sanssnanrnusrs
1217 757 1264 837 [A.
1283 780 1314 822 n.

362 927 570 991 inhumanum
596 937 627 989 et
652 924 847 1006 indevotum,
863 938 894 989 et
918 923 1186 1012 indisciplinatum
1212 950 1317 992 exem-

362 1030 452 1114 plum
469 1027 662 1092 transmittat
673 1028 712 1092 ad
729 1042 881 1113 posteros.
922 1027 1023 1091 Dolor
1038 1039 1069 1092 et
1086 1027 1191 1092 cordis
1202 1052 1317 1115 angus·

364 1133 408 1197 tia
446 1155 497 1196 me
531 1132 621 1195 vobis
656 1132 900 1218 compatientem
936 1146 967 1195 et
1003 1132 1167 1196 timentem
1203 1156 1242 1196 ne
1277 1157 1316 1197 ex

363 1233 625 1320 pusillanimitate
651 1245 681 1297 et
706 1232 828 1297 tenacia
859 1231 1069 1318 quorumdam
1099 1233 1198 1318 (quod
1230 1238 1317 1299 Deus

364 1338 497 1415 avertat)
524 1333 654 1398 eeclesia
682 1334 742 1398 Dei
768 1335 936 1399 contrahat
965 1335 1173 1421 opprobrium
1205 1336 1317 1422 sempi-

365 1451 501 1512 ternum,
518 1434 653 1499 scribere
675 1457 737 1498 non
760 1436 929 1521 patiuntur
951 1435 1056 1499 omnia
1079 1458 1153 1521 qnae
1175 1437 1265 1500 locus
1285 1450 1316 1501 et

365 1561 460 1601 causa
482 1537 616 1622 ingerit:
649 1536 702 1599 sed
727 1554 763 1601 ut
786 1537 924 1601 arbitror
948 1540 1053 1601 Deum
1078 1536 1265 1603 timentibus
1286 1550 1317 1602 et

366 1639 562 1724 sapientibus
577 1651 608 1703 et
625 1638 805 1703 amantibus
821 1640 1018 1703 honestatem
1034 1636 1111 1702 satis
1126 1639 1317 1704 dictumest.

368 1743 534 1804 Hactenus
560 1763 637 1824 ergo
662 1739 781 1803 amicos
804 1739 1031 1824 praemonuisse
1058 1738 1204 1806 sufficiat.
1225 1744 1317 1807 'Nec

367 1841 482 1906 dubito
506 1840 583 1927 quin
605 1840 786 1904 amantibus
801 1841 943 1904 caritatis
967 1840 1122 1906 reddatur
1137 1840 1273 1921 fructus,
1287 1855 1317 1905 et
1381 1850 1382 1853 ’

367 1942 400 2006 ἰῐι
416 1941 529 2005 surdos
545 1943 592 2020 (ut
606 1939 704 2005 veteri
720 1941 890 2026 proverbio
905 1939 965 2003 dici
980 1941 1070 2024 solet)
1086 1941 1162 2006 faba
1173 1943 1318 2008 cudatur.

370 2044 491 2119 Valete,
507 2043 603 2107 vestri
619 2054 651 2107 et
667 2042 765 2106 nostri
783 2064 939 2105 memores
952 2042 985 2105 in
1001 2044 1143 2110 caritate.

404 2367 626 2431 rrr’lsrona
649 2367 835 2431 CCC—an
852 2384 991 2432 Paramu
1006 2388 1080 2433 ann.
1099 2390 1126 2434 s.
1143 2389 1289 2434 aaaron.

665 2469 748 2549 [mn.
770 2473 860 2532 1170.
877 2491 916 2530 m.
933 2470 1028 2551 Dec]

542 2628 629 2691 Idem
645 2628 743 2691 Petro
758 2629 872 2691 Abbati
886 2631 992 2693 suncti
1008 2631 1152 2713 Remipii.

415 2765 518 2826 Morta
532 2785 603 2826 mea
618 2761 791 2827 rectissime
815 2775 944 2849 poterat
959 2764 1112 2842 accusari,
1129 2765 1153 2829 si
1171 2788 1231 2829 non
1257 2788 1323 2830 eam

372 2864 539 2929 necessitas
550 2876 722 2929 accusaret.
757 2865 938 2928 Debueram
953 2865 1047 2946 enim,
1057 2890 1096 2930 ex
1108 2891 1175 2952 quo
1186 2868 1324 2953 primum

372 2966 404 3029 in
417 2966 569 3050 Angliam
581 2966 694 3053 pedem
707 2967 810 3052 posui,
823 2966 975 3030 nuncium
987 2968 1151 3045 remisisse,
1163 2992 1220 3054 per
1232 2992 1325 3056 quem

373 3081 477 3133 vestra
502 3069 630 3134 dilectio
656 3069 697 3132 de
723 3067 925 3132 alumnorum
952 3091 1081 3133 suorum
1109 3083 1193 3136 statu
1220 3085 1325 3154 posset

372 3169 543 3233 certiorari.
591 3169 653 3234 Sed
670 3169 747 3254 quia
763 3168 840 3231 mibi
856 3169 889 3231 in
904 3168 975 3255 ipso
988 3170 1079 3234 navis
1093 3193 1232 3255 egressu,
1246 3194 1326 3234 nova

372 3279 404 3330 et
428 3269 586 3354 stupenda
610 3292 713 3334 rerum
740 3269 834 3333 facies
858 3271 1010 3347 occurrit,
1035 3271 1131 3336 alium
1157 3272 1326 3337 certiorare

372 3391 434 3432 non
448 3371 614 3455 potui,qui
626 3394 664 3433 ex
679 3371 775 3434 variis
788 3371 991 3456 opinionibus
1002 3384 1035 3436 et
1047 3372 1150 3436 verbis
1164 3373 1327 3437 hominum

373 3469 687 3534 reddebarincertus.
724 3471 937 3551 Nam‚triduo
947 3486 1114 3559 antequam
1125 3473 1328 3560 applicarem,

373 3570 478 3634 omnia
509 3570 591 3634 bona
622 3570 740 3634 domini
773 3573 925 3638 Cantuar.
953 3587 984 3639 et
1016 3597 1147 3639 snorum
1178 3589 1330 3640 annotata

372 3671 510 3747 fuerant,
526 3673 786 3756 procuratoribus
812 3674 877 3738 suis
900 3676 941 3740 ab
966 3676 1238 3743 administratione
1254 3679 1329 3744 sub-

374 3771 485 3835 motis:
516 3786 548 3835 et
564 3772 594 3835 in
620 3772 780 3858 portubus
805 3774 911 3839 edicto
935 3775 1064 3860 publico
1085 3776 1256 3842 inhibitum
1281 3791 1328 3843 est

373 3873 433 3936 sub
462 3873 718 3939 interminatione
748 3875 835 3941 exilii
866 3890 897 3940 et
935 3878 1184 3964 proscriptionis,
1214 3881 1327 3965 nequis

372 3974 1328 4059 nostrorum‚sif0rteAngliamvelletexire,transveheretur.

373 4075 513 4139 Piissimi
534 4089 639 4141 tamen
662 4076 807 4142 officiales
830 4078 949 4143 domini
974 4079 1056 4165 regis
1080 4080 1214 4165 provida
1236 4082 1328 4146 nimis

373 4178 496 4241 cautela
522 4189 555 4240 et
582 4178 756 4263 perniciosa
781 4179 873 4244 nobis
902 4181 1183 4267 circumspectione
1209 4207 1328 4268 praeca-

374 4292 495 4362 verant,
515 4294 552 4346 ut
575 4281 828 4369 archiepiscopus
851 4296 882 4348 et
910 4285 956 4350 sui
977 4284 1018 4348 ab
1038 4284 1135 4348 exilio
1159 4272 1329 4351 redeuntes

375 4383 452 4447 nihil
468 4406 598 4470 prorsus
613 4398 668 4448 aut
692 4386 858 4451 minimum
874 4386 1052 4451 invenirent
1076 4399 1194 4472 praeter
1217 4387 1327 4451 domos
