3384 5525
367 750 474 826 lton]
756 768 931 812 cersronu.
1261 752 1318 812 161

363 917 551 985 benedictus
574 917 705 981 Domini
731 940 765 981 es
790 930 822 981 et
848 916 969 982 Christi
991 916 1148 993 sacerdos,
1169 917 1265 980 immo
1288 931 1318 981 et

363 1020 512 1087 Christus
525 1019 610 1083 inter
624 1018 707 1082 filios
721 1017 972 1103 patriarcharum
994 1022 1047 1102 qui
1069 1041 1164 1103 super
1179 1029 1317 1081 montem

363 1122 494 1189 Garizin
521 1120 563 1185 nd
588 1119 840 1185 benedicendum
864 1120 1030 1183 constituti
1053 1132 1138 1196 sunt,
1162 1141 1319 1203 exequere

361 1223 448 1311 quod
462 1222 630 1287 ordinatus
645 1244 693 1284 es:
710 1220 890 1285 benedicito
904 1220 1102 1305 frequenter,
1113 1221 1167 1284 sed
1181 1220 1317 1283 maxime

362 1324 544 1388 domesticis
565 1322 652 1403 fidei,
671 1321 834 1386 consolare
856 1321 1014 1405 dispersos
1040 1322 1151 1401 lsrael,
1172 1325 1318 1386 miserere

363 1441 554 1505 pauperum,
575 1418 774 1484 communica
794 1419 1045 1504 proscriptorum
1067 1422 1315 1485 necessitatibus.

363 1525 408 1587 Et
424 1534 459 1586 ut
476 1522 518 1585 ab
533 1520 680 1607 apostolo
699 1520 851 1593 didicisti,
867 1520 1075 1585 ministerium
1101 1535 1192 1586 tuum
1208 1522 1317 1606 imple,

326 1703 332 1720 Ι
364 1644 487 1687 omnem
514 1621 723 1709 quantaelibet
744 1620 943 1684 difficultatis
965 1622 1148 1700 articulum,
1170 1624 1194 1685 si
1218 1622 1258 1685 de
1281 1646 1318 1686 eo

364 1724 496 1789 confidis
510 1724 671 1812 expediet,
685 1722 740 1807 qui
752 1722 891 1787 Abrahae
903 1721 1004 1786 filium
1023 1723 1156 1787 hostiam
1173 1724 1318 1788 offerenti

365 1828 492 1892 arietem
509 1825 677 1892 substituit
691 1824 930 1889 immolandum.

380 2189 388 2203 ,
443 2131 664 2195 EPISTOLA
688 2127 959 2194 comui-in
975 2146 1181 2192 wrmnnnnru
1199 2148 1242 2191 nn

610 2250 819 2295 uonrurnna.
856 2231 943 2310 [nn.
964 2232 1070 2311 1168]

582 2391 670 2454 Idem
689 2392 843 2454 Willelmc
858 2391 897 2453 dc
911 2391 1101 2453 Nordltolla.

408 2528 525 2591 Sosin
541 2524 637 2589 moris
651 2536 698 2589 est
714 2537 751 2589 ut
767 2524 975 2589 invalescente
998 2524 1132 2609 strepitu
1149 2525 1197 2587 vir
1211 2525 1317 2608 gravis

367 2627 523 2692 silentium
540 2627 723 2691 moderetur
737 2643 768 2691 et
785 2627 899 2691 verba:
925 2640 961 2691 ut
977 2652 1033 2691 nec
1050 2627 1124 2691 velit
1145 2627 1317 2691 occlamare

367 2730 520 2812 clamosis,
543 2752 599 2794 nec
624 2729 839 2816 garrientibus
863 2731 1017 2816 oggarire.
1064 2730 1125 2795 Sed
1149 2731 1317 2815 ingruente

367 2834 505 2920 procella
516 2833 653 2898 turbinis
665 2834 748 2897 inter
760 2833 892 2898 tonitrui
905 2835 1137 2898 coruscationes
1148 2846 1178 2897 et
1189 2832 1319 2916 fulgura

367 2936 508 3004 fabulam
525 2936 655 3000 recitare
673 2935 828 3000 dementis
849 2950 907 3013 est,
924 2948 955 3000 et
975 2937 1158 3022 importuna
1179 2934 1318 2996 narratio

369 3039 464 3104 instar
487 3050 536 3102 est
558 3036 686 3101 musicae
708 3037 740 3100 in
763 3037 854 3102 luctu
877 3036 997 3100 funeris
1015 3033 1203 3120 joculariam
1229 3057 1317 3098 exer-

369 3141 473 3207 centis.
520 3138 612 3203 Licet
632 3163 709 3224 ergo
729 3155 760 3204 te
779 3138 956 3214 dilexerim,
972 3148 1003 3201 et
1019 3136 1148 3219 diligam
1165 3160 1230 3222 prae
1246 3162 1318 3202 con-

369 3244 506 3309 sortibus
535 3241 602 3305 fere
630 3241 778 3306 omnibus
814 3242 934 3327 quibus
964 3239 1249 3303 commilitabamus
1284 3242 1316 3305 in

369 3346 468 3409 curia:
492 3356 598 3408 tamen
613 3343 824 3407 invalescente
836 3353 1023 3426 tempestate
1038 3339 1192 3403 calamum
1209 3345 1315 3408 censui

368 3445 615 3533 reprimendum,
646 3445 703 3529 qui
733 3467 817 3508 nunc
852 3445 1088 3507 detumescente
1117 3444 1255 3527 procella
1283 3447 1316 3510 in

370 3547 568 3615 salutationis
584 3559 616 3610 et
630 3546 914 3631 congratulationis
929 3546 1103 3629 alloquium
1121 3549 1244 3609 solutus
1259 3562 1316 3612 est.

369 3649 511 3714 Ecclesia
524 3671 662 3734 namque
677 3648 717 3711 ab
733 3649 853 3711 oriente
869 3663 1011 3711 serenata
1026 3659 1090 3709 est:
1115 3661 1146 3709 et
1164 3648 1317 3732 Aquiloni

365 3753 427 3837 jam
452 3751 536 3815 dixit
559 3753 700 3836 Spiritus
722 3765 758 3814 ut
782 3750 907 3813 recedat
929 3772 948 3810 a
971 3760 1054 3811 terra
1069 3761 1183 3825 vestra,
1203 3752 1317 3816 cedens

368 3866 485 3931 austro,
497 3852 554 3938 qui
567 3855 724 3915 virtutum
741 3850 898 3936 producat
910 3849 1011 3926 flores,
1023 3863 1054 3913 et
1067 3852 1207 3915 caritatis
1222 3877 1321 3939 operar

369 3956 523 4041 perducat
542 3953 583 4016 ad
603 3953 756 4016 fructum.
802 3951 934 4016 Interim
956 3951 996 4014 de
1016 3963 1047 4014 te
1068 3964 1098 4015 et
1120 3952 1188 4015 aliis
1209 3957 1319 4022 multis

370 4055 520 4119 sollicitus
531 4057 730 4140 perlatorem
743 4053 958 4138 praesentium‚
971 4053 1048 4138 quid
1061 4054 1147 4138 apud
1162 4068 1191 4118 te
1203 4071 1318 4140 agatur

369 4158 532 4244 explorare
547 4155 683 4235 decrevi,
698 4155 753 4240 qui
771 4170 802 4219 et
819 4155 905 4219 tede
922 4168 1006 4219 statu
1023 4179 1092 4218 meo
1109 4158 1173 4240 (qui
1190 4173 1319 4223 auctore

367 4259 435 4322 Deo
458 4258 562 4322 bonus
589 4261 648 4337 est)
676 4259 793 4342 poterit
820 4257 953 4322 reddere
979 4257 1164 4320 certiorem:
1203 4271 1235 4322 et
1262 4283 1318 4344 per

367 4380 460 4442 quem
484 4357 562 4420 mihi
590 4356 678 4442 quod
700 4356 856 4443 placuerit
881 4356 999 4442 poteris
1024 4355 1178 4420 intimare.
1227 4358 1320 4442 Adji-

408 4478 482 4522 vou.
503 4478 540 4524 11.
840 4477 867 4519 ru
