<?xml version="1.0" encoding="UTF-8"?>
<!DOCTYPE html PUBLIC "-//W3C//DTD XHTML 1.0 Transitional//EN"
    "http://www.w3.org/TR/xhtml1/DTD/xhtml1-transitional.dtd">
<html xmlns="http://www.w3.org/1999/xhtml" xml:lang="en" lang="en">
 <head>
  <title>
</title>
<meta http-equiv="Content-Type" content="text/html;charset=utf-8" />
  <meta name='ocr-system' content='tesseract 3.04.00' />
  <meta name='ocr-capabilities' content='ocr_page ocr_carea ocr_par ocr_line ocrx_word'/>
</head>
<body>
  <div class='ocr_page' id='page_1' title='image "./joannissaresber05johngoog_0281.png"; bbox 0 0 3384 5525; ppageno 0'>
   <div class='ocr_carea' id='block_1_1' title="bbox 371 790 1326 877">
    <p class='ocr_par' dir='ltr' id='par_1_1' title="bbox 371 790 1326 877">
     <span class='ocr_line' id='line_1_1' title="bbox 371 790 1326 877; baseline 0.002 -26"><span class='ocrx_word' id='word_1_1' title='bbox 371 794 434 851; x_wconf 71' lang='lat'><strong>962</strong></span> <span class='ocrx_word' id='word_1_2' title='bbox 621 806 757 852; x_wconf 76' lang='lat' dir='ltr'><strong>Joauurs</strong></span> <span class='ocrx_word' id='word_1_3' title='bbox 774 806 1054 853; x_wconf 76' lang='lat' dir='ltr'><strong>sanasaaamums</strong></span> <span class='ocrx_word' id='word_1_4' title='bbox 1233 790 1280 877; x_wconf 69' lang='lat' dir='ltr'><strong>[a.</strong></span> <span class='ocrx_word' id='word_1_5' title='bbox 1298 812 1326 856; x_wconf 87' lang='lat' dir='ltr'><strong>o.</strong></span> 
     </span>
    </p>
   </div>
   <div class='ocr_carea' id='block_1_2' title="bbox 372 956 1329 1967">
    <p class='ocr_par' dir='ltr' id='par_1_2' title="bbox 372 956 1329 1967">
     <span class='ocr_line' id='line_1_2' title="bbox 375 956 1327 1045; baseline 0.008 -28"><span class='ocrx_word' id='word_1_6' title='bbox 375 969 469 1022; x_wconf 81' lang='lat' dir='ltr'><strong>ventu</strong></span> <span class='ocrx_word' id='word_1_7' title='bbox 479 956 643 1042; x_wconf 69' lang='lat' dir='ltr'><strong>praestitae,</strong></span> <span class='ocrx_word' id='word_1_8' title='bbox 653 959 752 1023; x_wconf 89' lang='lat' dir='ltr'><strong>statui</strong></span> <span class='ocrx_word' id='word_1_9' title='bbox 762 981 819 1023; x_wconf 91' lang='lat' dir='ltr'><strong>suo</strong></span> <span class='ocrx_word' id='word_1_10' title='bbox 827 959 1006 1036; x_wconf 86' lang='lat' dir='ltr'><strong>consulens,</strong></span> <span class='ocrx_word' id='word_1_11' title='bbox 1018 964 1153 1027; x_wconf 82' lang='lat' dir='ltr'><strong>Romam</strong></span> <span class='ocrx_word' id='word_1_12' title='bbox 1164 960 1327 1045; x_wconf 87' lang='lat' dir='ltr'><strong>profectus</strong></span> 
     </span>
     <span class='ocr_line' id='line_1_3' title="bbox 373 1057 1328 1149; baseline 0.006 -29"><span class='ocrx_word' id='word_1_13' title='bbox 373 1057 476 1122; x_wconf 82' lang='lat' dir='ltr'><strong>estad</strong></span> <span class='ocrx_word' id='word_1_14' title='bbox 500 1058 589 1122; x_wconf 89' lang='lat' dir='ltr'><strong>illum</strong></span> <span class='ocrx_word' id='word_1_15' title='bbox 605 1059 848 1125; x_wconf 86' lang='lat' dir='ltr'><strong>famosissimum</strong></span> <span class='ocrx_word' id='word_1_16' title='bbox 871 1065 1112 1147; x_wconf 83' lang='lat' dir='ltr'><strong>negotiatorem,</strong></span> <span class='ocrx_word' id='word_1_17' title='bbox 1133 1085 1230 1149; x_wconf 88' lang='lat' dir='ltr'><strong>quem</strong></span> <span class='ocrx_word' id='word_1_18' title='bbox 1249 1085 1328 1126; x_wconf 89' lang='lat' dir='ltr'><strong>sem-</strong></span> 
     </span>
     <span class='ocr_line' id='line_1_4' title="bbox 373 1159 1328 1248; baseline 0.007 -27"><span class='ocrx_word' id='word_1_19' title='bbox 373 1181 431 1243; x_wconf 85' lang='lat' dir='ltr'><strong>per</strong></span> <span class='ocrx_word' id='word_1_20' title='bbox 459 1159 532 1223; x_wconf 88' lang='lat' dir='ltr'><strong>odio</strong></span> <span class='ocrx_word' id='word_1_21' title='bbox 563 1161 677 1226; x_wconf 89' lang='lat' dir='ltr'><strong>habuit</strong></span> <span class='ocrx_word' id='word_1_22' title='bbox 706 1163 811 1225; x_wconf 89' lang='lat' dir='ltr'><strong>anima</strong></span> <span class='ocrx_word' id='word_1_23' title='bbox 837 1176 961 1227; x_wconf 85' lang='lat' dir='ltr'><strong>vestra:</strong></span> <span class='ocrx_word' id='word_1_24' title='bbox 995 1163 1189 1248; x_wconf 86' lang='lat' dir='ltr'><strong>Gregorium</strong></span> <span class='ocrx_word' id='word_1_25' title='bbox 1223 1166 1328 1230; x_wconf 87' lang='lat' dir='ltr'>Sancti</span> 
     </span>
     <span class='ocr_line' id='line_1_5' title="bbox 372 1261 1327 1350; baseline 0.008 -27"><span class='ocrx_word' id='word_1_26' title='bbox 372 1261 491 1345; x_wconf 84' lang='lat' dir='ltr'><strong>Angeli</strong></span> <span class='ocrx_word' id='word_1_27' title='bbox 521 1264 722 1327; x_wconf 83' lang='lat' dir='ltr'><strong>cardinalem.</strong></span> <span class='ocrx_word' id='word_1_28' title='bbox 776 1267 822 1329; x_wconf 88' lang='lat' dir='ltr'><strong>Et</strong></span> <span class='ocrx_word' id='word_1_29' title='bbox 855 1288 912 1350; x_wconf 89' lang='lat' dir='ltr'><strong>per</strong></span> <span class='ocrx_word' id='word_1_30' title='bbox 937 1265 1028 1330; x_wconf 92' lang='lat' dir='ltr'><strong>illum</strong></span> <span class='ocrx_word' id='word_1_31' title='bbox 1058 1266 1091 1330; x_wconf 92' lang='lat' dir='ltr'><strong>in</strong></span> <span class='ocrx_word' id='word_1_32' title='bbox 1121 1265 1327 1331; x_wconf 92' lang='lat' dir='ltr'><strong>multitudine</strong></span> 
     </span>
     <span class='ocr_line' id='line_1_6' title="bbox 373 1365 1327 1454; baseline 0.008 -28"><span class='ocrx_word' id='word_1_33' title='bbox 373 1385 552 1449; x_wconf 83' lang='lat' dir='ltr'><strong>sparsorum</strong></span> <span class='ocrx_word' id='word_1_34' title='bbox 569 1365 705 1431; x_wconf 89' lang='lat' dir='ltr'><strong>incuria</strong></span> <span class='ocrx_word' id='word_1_35' title='bbox 725 1389 894 1431; x_wconf 86' lang='lat' dir='ltr'><strong>munerum</strong></span> <span class='ocrx_word' id='word_1_36' title='bbox 910 1368 1062 1445; x_wconf 87' lang='lat' dir='ltr'>obtinuit,</span> <span class='ocrx_word' id='word_1_37' title='bbox 1077 1381 1114 1433; x_wconf 93' lang='lat' dir='ltr'><strong>ut</strong></span> <span class='ocrx_word' id='word_1_38' title='bbox 1131 1368 1327 1454; x_wconf 83' lang='lat' dir='ltr'><strong>justificatus</strong></span> 
     </span>
     <span class='ocr_line' id='line_1_7' title="bbox 372 1465 1329 1557; baseline 0.009 -30"><span class='ocrx_word' id='word_1_39' title='bbox 372 1465 490 1532; x_wconf 85' lang='lat' dir='ltr'>rediret</span> <span class='ocrx_word' id='word_1_40' title='bbox 509 1468 542 1531; x_wconf 89' lang='lat' dir='ltr'><strong>in</strong></span> <span class='ocrx_word' id='word_1_41' title='bbox 563 1468 695 1533; x_wconf 91' lang='lat' dir='ltr'><strong>domum</strong></span> <span class='ocrx_word' id='word_1_42' title='bbox 714 1492 822 1534; x_wconf 77' lang='lat' dir='ltr'><strong>suamr</strong></span> <span class='ocrx_word' id='word_1_43' title='bbox 844 1471 1014 1548; x_wconf 88' lang='lat' dir='ltr'><strong>incertum,</strong></span> <span class='ocrx_word' id='word_1_44' title='bbox 1036 1494 1099 1557; x_wconf 88' lang='lat' dir='ltr'><strong>qua</strong></span> <span class='ocrx_word' id='word_1_45' title='bbox 1122 1472 1184 1535; x_wconf 89' lang='lat' dir='ltr'><strong>Dei</strong></span> <span class='ocrx_word' id='word_1_46' title='bbox 1202 1470 1329 1557; x_wconf 90' lang='lat' dir='ltr'><strong>dispen-</strong></span> 
     </span>
     <span class='ocr_line' id='line_1_8' title="bbox 373 1568 1328 1661; baseline 0.007 -30"><span class='ocrx_word' id='word_1_47' title='bbox 373 1568 492 1633; x_wconf 80' lang='lat' dir='ltr'><strong>satione</strong></span> <span class='ocrx_word' id='word_1_48' title='bbox 517 1585 696 1636; x_wconf 88' lang='lat' dir='ltr'><strong>reservatus</strong></span> <span class='ocrx_word' id='word_1_49' title='bbox 724 1572 765 1637; x_wconf 89' lang='lat' dir='ltr'><strong>ad</strong></span> <span class='ocrx_word' id='word_1_50' title='bbox 800 1574 922 1658; x_wconf 84' lang='lat' dir='ltr'><strong>majora</strong></span> <span class='ocrx_word' id='word_1_51' title='bbox 950 1571 1072 1657; x_wconf 86' lang='lat' dir='ltr'><strong>flagitia</strong></span> <span class='ocrx_word' id='word_1_52' title='bbox 1105 1573 1328 1661; x_wconf 87' lang='lat' dir='ltr'><strong>perpetranda,</strong></span> 
     </span>
     <span class='ocr_line' id='line_1_9' title="bbox 373 1670 1329 1761; baseline 0.007 -27"><span class='ocrx_word' id='word_1_53' title='bbox 373 1670 454 1735; x_wconf 85' lang='lat' dir='ltr'><strong>sicut</strong></span> <span class='ocrx_word' id='word_1_54' title='bbox 478 1694 616 1758; x_wconf 89' lang='lat' dir='ltr'><strong>praesens</strong></span> <span class='ocrx_word' id='word_1_55' title='bbox 639 1687 775 1739; x_wconf 89' lang='lat' dir='ltr'><strong>testatur</strong></span> <span class='ocrx_word' id='word_1_56' title='bbox 797 1675 874 1749; x_wconf 89' lang='lat' dir='ltr'><strong>dies,</strong></span> <span class='ocrx_word' id='word_1_57' title='bbox 892 1698 955 1761; x_wconf 89' lang='lat' dir='ltr'><strong>qua</strong></span> <span class='ocrx_word' id='word_1_58' title='bbox 978 1675 1131 1759; x_wconf 86' lang='lat' dir='ltr'><strong>sanguine</strong></span> <span class='ocrx_word' id='word_1_59' title='bbox 1154 1675 1329 1741; x_wconf 86' lang='lat' dir='ltr'><strong>innocentis</strong></span> 
     </span>
     <span class='ocr_line' id='line_1_10' title="bbox 373 1777 1327 1864; baseline 0.006 -27"><span class='ocrx_word' id='word_1_60' title='bbox 373 1790 572 1859; x_wconf 83' lang='lat' dir='ltr'>purpuratur</span> <span class='ocrx_word' id='word_1_61' title='bbox 593 1777 734 1855; x_wconf 89' lang='lat' dir='ltr'><strong>ccclesia,</strong></span> <span class='ocrx_word' id='word_1_62' title='bbox 757 1778 811 1863; x_wconf 88' lang='lat' dir='ltr'><strong>qui</strong></span> <span class='ocrx_word' id='word_1_63' title='bbox 835 1778 1022 1843; x_wconf 87' lang='lat' dir='ltr'><strong>sceleratum</strong></span> <span class='ocrx_word' id='word_1_64' title='bbox 1046 1779 1156 1853; x_wconf 87' lang='lat' dir='ltr'><strong>istum,</strong></span> <span class='ocrx_word' id='word_1_65' title='bbox 1180 1778 1327 1864; x_wconf 93' lang='lat' dir='ltr'><strong>eoquod</strong></span> 
     </span>
     <span class='ocr_line' id='line_1_11' title="bbox 372 1878 1327 1967; baseline 0.007 -29"><span class='ocrx_word' id='word_1_66' title='bbox 372 1878 560 1941; x_wconf 86' lang='lat' dir='ltr'><strong>concurialis</strong></span> <span class='ocrx_word' id='word_1_67' title='bbox 580 1880 648 1965; x_wconf 86' lang='lat' dir='ltr'><strong>ejus</strong></span> <span class='ocrx_word' id='word_1_68' title='bbox 666 1894 746 1954; x_wconf 86' lang='lat' dir='ltr'><strong>erat,</strong></span> <span class='ocrx_word' id='word_1_69' title='bbox 761 1880 902 1944; x_wconf 77' lang='lat' dir='ltr'><strong>fraterna</strong></span> <span class='ocrx_word' id='word_1_70' title='bbox 922 1880 1053 1945; x_wconf 86' lang='lat' dir='ltr'><strong>caritate</strong></span> <span class='ocrx_word' id='word_1_71' title='bbox 1073 1881 1280 1967; x_wconf 89' lang='lat' dir='ltr'><strong>compatiens,</strong></span> <span class='ocrx_word' id='word_1_72' title='bbox 1296 1894 1327 1945; x_wconf 90' lang='lat' dir='ltr'><strong>et</strong></span> 
     </span>
    </p>
   </div>
   <div class='ocr_carea' id='block_1_3' title="bbox 373 1979 1326 2146">
    <p class='ocr_par' dir='ltr' id='par_1_3' title="bbox 373 1979 1326 2146">
     <span class='ocr_line' id='line_1_12' title="bbox 373 1979 1326 2069; baseline 0.007 -28"><span class='ocrx_word' id='word_1_73' title='bbox 373 1979 500 2064; x_wconf 85' lang='lat' dir='ltr'>frugem</span> <span class='ocrx_word' id='word_1_74' title='bbox 530 1982 604 2047; x_wconf 86' lang='lat' dir='ltr'><strong>vitae</strong></span> <span class='ocrx_word' id='word_1_75' title='bbox 634 1982 770 2047; x_wconf 89' lang='lat' dir='ltr'><strong>melioris</strong></span> <span class='ocrx_word' id='word_1_76' title='bbox 804 1996 987 2069; x_wconf 86' lang='lat' dir='ltr'><strong>expectans,</strong></span> <span class='ocrx_word' id='word_1_77' title='bbox 1017 1982 1135 2047; x_wconf 87' lang='lat' dir='ltr'><strong>debitae</strong></span> <span class='ocrx_word' id='word_1_78' title='bbox 1166 1982 1326 2048; x_wconf 84' lang='lat' dir='ltr'><strong>subtraxit</strong></span> 
     </span>
     <span class='ocr_line' id='line_1_13' title="bbox 374 2080 497 2146; baseline 0.033 -4"><span class='ocrx_word' id='word_1_79' title='bbox 374 2080 497 2146; x_wconf 89' lang='lat' dir='ltr'><strong>ultioni.</strong></span> 
     </span>
    </p>
   </div>
   <div class='ocr_carea' id='block_1_4' title="bbox 371 2468 1324 2651">
    <p class='ocr_par' dir='ltr' id='par_1_4' title="bbox 371 2468 1324 2651">
     <span class='ocr_line' id='line_1_14' title="bbox 371 2468 1324 2536; baseline -0.003 0"><span class='ocrx_word' id='word_1_80' title='bbox 371 2470 592 2536; x_wconf 83' lang='lat' dir='ltr'><strong>EPISTOLA</strong></span> <span class='ocrx_word' id='word_1_81' title='bbox 616 2468 852 2532; x_wconf 69' lang='lat' dir='ltr'><strong>cccvi-ro</strong></span> <span class='ocrx_word' id='word_1_82' title='bbox 874 2486 1083 2532; x_wconf 78' lang='lat' dir='ltr'><strong>wrnuausruu</strong></span> <span class='ocrx_word' id='word_1_83' title='bbox 1101 2486 1324 2533; x_wconf 81' lang='lat' dir='ltr'><strong>suuouuusuu</strong></span> 
     </span>
     <span class='ocr_line' id='line_1_15' title="bbox 608 2569 1076 2651; baseline 0.002 -20"><span class='ocrx_word' id='word_1_84' title='bbox 608 2587 807 2633; x_wconf 80' lang='lat' dir='ltr'><strong>uerscoeuru.</strong></span> <span class='ocrx_word' id='word_1_85' title='bbox 856 2569 900 2649; x_wconf 79' lang='lat' dir='ltr'><strong>[x.</strong></span> <span class='ocrx_word' id='word_1_86' title='bbox 917 2589 948 2633; x_wconf 85' lang='lat' dir='ltr'><strong>u.</strong></span> <span class='ocrx_word' id='word_1_87' title='bbox 968 2571 1076 2651; x_wconf 72' lang='lat' dir='ltr'><strong>trit]</strong></span> 
     </span>
    </p>
   </div>
   <div class='ocr_carea' id='block_1_5' title="bbox 378 2700 1330 3088">
    <p class='ocr_par' dir='ltr' id='par_1_5' title="bbox 378 2700 1330 3088">
     <span class='ocr_line' id='line_1_16' title="bbox 378 2700 1326 2783; baseline -0.002 -16"><span class='ocrx_word' id='word_1_88' title='bbox 378 2702 553 2769; x_wconf 79' lang='lat' dir='ltr'><strong>Venerabili</strong></span> <span class='ocrx_word' id='word_1_89' title='bbox 575 2701 702 2765; x_wconf 83' lang='lat' dir='ltr'><strong>domino</strong></span> <span class='ocrx_word' id='word_1_90' title='bbox 724 2707 755 2764; x_wconf 83' lang='lat' dir='ltr'><strong>et</strong></span> <span class='ocrx_word' id='word_1_91' title='bbox 776 2702 869 2783; x_wconf 84' lang='lat' dir='ltr'><strong>putri</strong></span> <span class='ocrx_word' id='word_1_92' title='bbox 891 2702 1055 2764; x_wconf 82' lang='lat' dir='ltr'><strong>ourissimo</strong></span> <span class='ocrx_word' id='word_1_93' title='bbox 1088 2700 1242 2765; x_wconf 80' lang='lat' dir='ltr'><strong>Wiilelmo</strong></span> <span class='ocrx_word' id='word_1_94' title='bbox 1263 2700 1326 2765; x_wconf 85' lang='lat' dir='ltr'><strong>Dei</strong></span> 
     </span>
     <span class='ocr_line' id='line_1_17' title="bbox 412 2803 1330 2888; baseline -0.003 -19"><span class='ocrx_word' id='word_1_95' title='bbox 412 2809 522 2888; x_wconf 80' lang='lat' dir='ltr'><strong>gratio</strong></span> <span class='ocrx_word' id='word_1_96' title='bbox 539 2805 721 2869; x_wconf 66' lang='lat' dir='ltr'><strong>neomenia·</strong></span> <span class='ocrx_word' id='word_1_97' title='bbox 735 2806 979 2886; x_wconf 78' lang='lat' dir='ltr'><strong>archiepiscopo,</strong></span> <span class='ocrx_word' id='word_1_98' title='bbox 996 2812 1026 2866; x_wconf 89' lang='lat' dir='ltr'><strong>et</strong></span> <span class='ocrx_word' id='word_1_99' title='bbox 1042 2805 1125 2867; x_wconf 82' lang='lat' dir='ltr'><strong>aedis</strong></span> <span class='ocrx_word' id='word_1_100' title='bbox 1146 2803 1330 2885; x_wconf 76' lang='lat' dir='ltr'><strong>apostolico</strong></span> 
     </span>
     <span class='ocr_line' id='line_1_18' title="bbox 416 2904 1327 2989; baseline -0.001 -20"><span class='ocrx_word' id='word_1_101' title='bbox 416 2910 529 2989; x_wconf 79' lang='lat' dir='ltr'><strong>legato,</strong></span> <span class='ocrx_word' id='word_1_102' title='bbox 551 2925 631 2969; x_wconf 80' lang='lat' dir='ltr'><strong>suus</strong></span> <span class='ocrx_word' id='word_1_103' title='bbox 644 2905 786 2968; x_wconf 82' lang='lat' dir='ltr'><strong>Joonnes</strong></span> <span class='ocrx_word' id='word_1_104' title='bbox 804 2906 945 2979; x_wconf 87' lang='lat' dir='ltr'><strong>sulutem,</strong></span> <span class='ocrx_word' id='word_1_105' title='bbox 966 2911 995 2967; x_wconf 89' lang='lat' dir='ltr'><strong>et</strong></span> <span class='ocrx_word' id='word_1_106' title='bbox 1014 2904 1258 2988; x_wconf 77' lang='lat' dir='ltr'><strong>promptissime</strong></span> <span class='ocrx_word' id='word_1_107' title='bbox 1277 2904 1327 2968; x_wconf 84' lang='lat' dir='ltr'><strong>de-</strong></span> 
     </span>
     <span class='ocr_line' id='line_1_19' title="bbox 415 3007 752 3088; baseline -0.006 -18"><span class='ocrx_word' id='word_1_108' title='bbox 415 3011 546 3073; x_wconf 85' lang='lat' dir='ltr'><strong>votionis</strong></span> <span class='ocrx_word' id='word_1_109' title='bbox 559 3007 752 3088; x_wconf 75' lang='lat' dir='ltr'><strong>obsequium.</strong></span> 
     </span>
    </p>
   </div>
   <div class='ocr_carea' id='block_1_6' title="bbox 362 3136 1326 4551">
    <p class='ocr_par' dir='ltr' id='par_1_6' title="bbox 362 3136 1326 4551">
     <span class='ocr_line' id='line_1_20' title="bbox 414 3136 1325 3224; baseline -0.005 -20"><span class='ocrx_word' id='word_1_110' title='bbox 414 3144 520 3204; x_wconf 79' lang='lat' dir='ltr'><strong>Licur</strong></span> <span class='ocrx_word' id='word_1_111' title='bbox 552 3137 738 3223; x_wconf 84' lang='lat' dir='ltr'><strong>Anglicanae</strong></span> <span class='ocrx_word' id='word_1_112' title='bbox 767 3137 905 3202; x_wconf 84' lang='lat' dir='ltr'><strong>ecclesiae</strong></span> <span class='ocrx_word' id='word_1_113' title='bbox 938 3137 1044 3201; x_wconf 89' lang='lat' dir='ltr'><strong>adbuc</strong></span> <span class='ocrx_word' id='word_1_114' title='bbox 1080 3136 1186 3224; x_wconf 89' lang='lat' dir='ltr'><strong>quoad</strong></span> <span class='ocrx_word' id='word_1_115' title='bbox 1224 3140 1325 3202; x_wconf 89' lang='lat' dir='ltr'><strong>multa</strong></span> 
     </span>
     <span class='ocr_line' id='line_1_21' title="bbox 370 3238 1324 3325; baseline -0.005 -20"><span class='ocrx_word' id='word_1_116' title='bbox 370 3242 410 3306; x_wconf 89' lang='lat' dir='ltr'><strong>sit</strong></span> <span class='ocrx_word' id='word_1_117' title='bbox 440 3240 551 3324; x_wconf 85' lang='lat' dir='ltr'><strong>ingens</strong></span> <span class='ocrx_word' id='word_1_118' title='bbox 580 3238 743 3318; x_wconf 84' lang='lat' dir='ltr'><strong>desolatio,</strong></span> <span class='ocrx_word' id='word_1_119' title='bbox 774 3238 903 3303; x_wconf 88' lang='lat' dir='ltr'><strong>tristitia</strong></span> <span class='ocrx_word' id='word_1_120' title='bbox 934 3251 1039 3302; x_wconf 88' lang='lat' dir='ltr'><strong>tamen</strong></span> <span class='ocrx_word' id='word_1_121' title='bbox 1069 3239 1155 3304; x_wconf 89' lang='lat' dir='ltr'><strong>illius</strong></span> <span class='ocrx_word' id='word_1_122' title='bbox 1186 3240 1254 3325; x_wconf 89' lang='lat' dir='ltr'><strong>jam</strong></span> <span class='ocrx_word' id='word_1_123' title='bbox 1284 3260 1324 3300; x_wconf 88' lang='lat' dir='ltr'><strong>ex</strong></span> 
     </span>
     <span class='ocr_line' id='line_1_22' title="bbox 370 3340 1323 3426; baseline -0.003 -21"><span class='ocrx_word' id='word_1_124' title='bbox 370 3341 509 3406; x_wconf 85' lang='lat' dir='ltr'><strong>maxima</strong></span> <span class='ocrx_word' id='word_1_125' title='bbox 537 3353 629 3426; x_wconf 89' lang='lat' dir='ltr'><strong>purte</strong></span> <span class='ocrx_word' id='word_1_126' title='bbox 663 3342 695 3402; x_wconf 94' lang='lat' dir='ltr'><strong>in</strong></span> <span class='ocrx_word' id='word_1_127' title='bbox 730 3340 885 3423; x_wconf 87' lang='lat' dir='ltr'><strong>gaudium</strong></span> <span class='ocrx_word' id='word_1_128' title='bbox 917 3340 1054 3417; x_wconf 89' lang='lat' dir='ltr'><strong>transiit,</strong></span> <span class='ocrx_word' id='word_1_129' title='bbox 1084 3355 1116 3406; x_wconf 91' lang='lat' dir='ltr'><strong>et</strong></span> <span class='ocrx_word' id='word_1_130' title='bbox 1149 3341 1257 3406; x_wconf 91' lang='lat' dir='ltr'><strong>luctus</strong></span> <span class='ocrx_word' id='word_1_131' title='bbox 1290 3340 1323 3403; x_wconf 90' lang='lat' dir='ltr'><strong>in</strong></span> 
     </span>
     <span class='ocr_line' id='line_1_23' title="bbox 370 3441 1324 3526; baseline -0.002 -18"><span class='ocrx_word' id='word_1_132' title='bbox 370 3443 492 3508; x_wconf 86' lang='lat' dir='ltr'><strong>cantica</strong></span> <span class='ocrx_word' id='word_1_133' title='bbox 516 3441 598 3504; x_wconf 85' lang='lat' dir='ltr'><strong>felici</strong></span> <span class='ocrx_word' id='word_1_134' title='bbox 630 3464 760 3526; x_wconf 89' lang='lat' dir='ltr'><strong>prorsus</strong></span> <span class='ocrx_word' id='word_1_135' title='bbox 789 3458 820 3506; x_wconf 89' lang='lat' dir='ltr'><strong>et</strong></span> <span class='ocrx_word' id='word_1_136' title='bbox 848 3442 921 3508; x_wconf 88' lang='lat' dir='ltr'><strong>laeta</strong></span> <span class='ocrx_word' id='word_1_137' title='bbox 950 3444 1125 3508; x_wconf 89' lang='lat' dir='ltr'><strong>mutatione</strong></span> <span class='ocrx_word' id='word_1_138' title='bbox 1154 3464 1324 3507; x_wconf 88' lang='lat' dir='ltr'><strong>conversus</strong></span> 
     </span>
     <span class='ocr_line' id='line_1_24' title="bbox 370 3540 1326 3627; baseline -0.008 -16"><span class='ocrx_word' id='word_1_139' title='bbox 370 3559 437 3611; x_wconf 92' lang='lat' dir='ltr'><strong>est:</strong></span> <span class='ocrx_word' id='word_1_140' title='bbox 476 3541 501 3606; x_wconf 90' lang='lat' dir='ltr'><strong>si</strong></span> <span class='ocrx_word' id='word_1_141' title='bbox 531 3540 659 3627; x_wconf 91' lang='lat' dir='ltr'><strong>quidem</strong></span> <span class='ocrx_word' id='word_1_142' title='bbox 686 3540 754 3625; x_wconf 86' lang='lat' dir='ltr'><strong>jam</strong></span> <span class='ocrx_word' id='word_1_143' title='bbox 784 3540 864 3604; x_wconf 86' lang='lat' dir='ltr'><strong>adeo</strong></span> <span class='ocrx_word' id='word_1_144' title='bbox 894 3542 934 3605; x_wconf 89' lang='lat' dir='ltr'><strong>ad</strong></span> <span class='ocrx_word' id='word_1_145' title='bbox 961 3541 1145 3607; x_wconf 90' lang='lat' dir='ltr'><strong>memoriam</strong></span> <span class='ocrx_word' id='word_1_146' title='bbox 1175 3541 1326 3626; x_wconf 85' lang='lat' dir='ltr'><strong>martyris</strong></span> 
     </span>
     <span class='ocr_line' id='line_1_25' title="bbox 368 3642 1324 3724; baseline -0.009 -11"><span class='ocrx_word' id='word_1_147' title='bbox 368 3644 514 3713; x_wconf 88' lang='lat' dir='ltr'><strong>inaudita</strong></span> <span class='ocrx_word' id='word_1_148' title='bbox 529 3642 680 3707; x_wconf 89' lang='lat' dir='ltr'><strong>miracula</strong></span> <span class='ocrx_word' id='word_1_149' title='bbox 694 3642 896 3719; x_wconf 80' lang='lat' dir='ltr'><strong>crebuerunt,</strong></span> <span class='ocrx_word' id='word_1_150' title='bbox 910 3657 958 3724; x_wconf 90' lang='lat' dir='ltr'><strong>ut,</strong></span> <span class='ocrx_word' id='word_1_151' title='bbox 972 3644 997 3706; x_wconf 92' lang='lat' dir='ltr'><strong>si</strong></span> <span class='ocrx_word' id='word_1_152' title='bbox 1014 3643 1090 3707; x_wconf 89' lang='lat' dir='ltr'><strong>alias</strong></span> <span class='ocrx_word' id='word_1_153' title='bbox 1105 3643 1251 3707; x_wconf 91' lang='lat' dir='ltr'><strong>inaudita</strong></span> <span class='ocrx_word' id='word_1_154' title='bbox 1261 3642 1324 3705; x_wconf 87' lang='lat' dir='ltr'><strong>illic</strong></span> 
     </span>
     <span class='ocr_line' id='line_1_26' title="bbox 368 3744 1323 3838; baseline -0.006 -25"><span class='ocrx_word' id='word_1_155' title='bbox 368 3745 583 3838; x_wconf 90' lang='lat' dir='ltr'><strong>provenerint,</strong></span> <span class='ocrx_word' id='word_1_156' title='bbox 596 3745 648 3810; x_wconf 91' lang='lat' dir='ltr'><strong>vix</strong></span> <span class='ocrx_word' id='word_1_157' title='bbox 659 3758 847 3810; x_wconf 88' lang='lat' dir='ltr'><strong>censeantur</strong></span> <span class='ocrx_word' id='word_1_158' title='bbox 860 3745 945 3810; x_wconf 88' lang='lat' dir='ltr'><strong>illius</strong></span> <span class='ocrx_word' id='word_1_159' title='bbox 956 3745 1117 3810; x_wconf 88' lang='lat' dir='ltr'><strong>miraculis</strong></span> <span class='ocrx_word' id='word_1_160' title='bbox 1128 3744 1323 3810; x_wconf 88' lang='lat' dir='ltr'><strong>ascribenda.</strong></span> 
     </span>
     <span class='ocr_line' id='line_1_27' title="bbox 368 3846 1323 3918; baseline -0.006 -2"><span class='ocrx_word' id='word_1_161' title='bbox 368 3851 459 3918; x_wconf 90' lang='lat' dir='ltr'><strong>Sicut</strong></span> <span class='ocrx_word' id='word_1_162' title='bbox 474 3847 557 3911; x_wconf 91' lang='lat' dir='ltr'><strong>enim</strong></span> <span class='ocrx_word' id='word_1_163' title='bbox 572 3848 605 3911; x_wconf 90' lang='lat' dir='ltr'><strong>iu</strong></span> <span class='ocrx_word' id='word_1_164' title='bbox 620 3848 706 3910; x_wconf 92' lang='lat' dir='ltr'><strong>omni</strong></span> <span class='ocrx_word' id='word_1_165' title='bbox 727 3846 909 3912; x_wconf 90' lang='lat' dir='ltr'><strong>conditione</strong></span> <span class='ocrx_word' id='word_1_166' title='bbox 928 3847 1043 3912; x_wconf 90' lang='lat' dir='ltr'><strong>nobilis</strong></span> <span class='ocrx_word' id='word_1_167' title='bbox 1057 3847 1181 3911; x_wconf 90' lang='lat' dir='ltr'><strong>animus</strong></span> <span class='ocrx_word' id='word_1_168' title='bbox 1198 3846 1323 3911; x_wconf 89' lang='lat' dir='ltr'><strong>studuit</strong></span> 
     </span>
     <span class='ocr_line' id='line_1_28' title="bbox 368 3946 1322 4034; baseline -0.008 -18"><span class='ocrx_word' id='word_1_169' title='bbox 368 3948 611 4016; x_wconf 85' lang='lat' dir='ltr'><strong>conniventibus</strong></span> <span class='ocrx_word' id='word_1_170' title='bbox 640 3948 839 4034; x_wconf 83' lang='lat' dir='ltr'><strong>proeminere,</strong></span> <span class='ocrx_word' id='word_1_171' title='bbox 870 3946 913 4010; x_wconf 90' lang='lat' dir='ltr'><strong>sic</strong></span> <span class='ocrx_word' id='word_1_172' title='bbox 939 3959 971 4011; x_wconf 92' lang='lat' dir='ltr'><strong>et</strong></span> <span class='ocrx_word' id='word_1_173' title='bbox 1001 3970 1097 4030; x_wconf 88' lang='lat' dir='ltr'><strong>nunc,</strong></span> <span class='ocrx_word' id='word_1_174' title='bbox 1121 3960 1157 4011; x_wconf 95' lang='lat' dir='ltr'><strong>ut</strong></span> <span class='ocrx_word' id='word_1_175' title='bbox 1187 3947 1322 4011; x_wconf 90' lang='lat' dir='ltr'><strong>aliorum</strong></span> 
     </span>
     <span class='ocr_line' id='line_1_29' title="bbox 367 4046 1323 4136; baseline -0.009 -18"><span class='ocrx_word' id='word_1_176' title='bbox 367 4065 546 4119; x_wconf 87' lang='lat' dir='ltr'><strong>sanctorum</strong></span> <span class='ocrx_word' id='word_1_177' title='bbox 566 4073 643 4136; x_wconf 90' lang='lat' dir='ltr'><strong>pace</strong></span> <span class='ocrx_word' id='word_1_178' title='bbox 662 4048 809 4122; x_wconf 87' lang='lat' dir='ltr'><strong>dixerim,</strong></span> <span class='ocrx_word' id='word_1_179' title='bbox 826 4048 915 4129; x_wconf 86' lang='lat' dir='ltr'><strong>alios,</strong></span> <span class='ocrx_word' id='word_1_180' title='bbox 930 4049 970 4112; x_wconf 91' lang='lat' dir='ltr'><strong>de</strong></span> <span class='ocrx_word' id='word_1_181' title='bbox 994 4051 1112 4135; x_wconf 90' lang='lat' dir='ltr'><strong>quibus</strong></span> <span class='ocrx_word' id='word_1_182' title='bbox 1126 4049 1257 4132; x_wconf 86' lang='lat' dir='ltr'><strong>legerim</strong></span> <span class='ocrx_word' id='word_1_183' title='bbox 1274 4046 1323 4110; x_wconf 85' lang='lat' dir='ltr'><strong>rel</strong></span> 
     </span>
     <span class='ocr_line' id='line_1_30' title="bbox 366 4149 1321 4238; baseline -0.009 -17"><span class='ocrx_word' id='word_1_184' title='bbox 366 4152 533 4229; x_wconf 89' lang='lat' dir='ltr'><strong>audierim,</strong></span> <span class='ocrx_word' id='word_1_185' title='bbox 548 4152 581 4215; x_wconf 91' lang='lat' dir='ltr'><strong>in</strong></span> <span class='ocrx_word' id='word_1_186' title='bbox 597 4152 822 4215; x_wconf 90' lang='lat' dir='ltr'><strong>miraculorum</strong></span> <span class='ocrx_word' id='word_1_187' title='bbox 834 4150 1029 4215; x_wconf 88' lang='lat' dir='ltr'><strong>exhibitione</strong></span> <span class='ocrx_word' id='word_1_188' title='bbox 1041 4151 1203 4238; x_wconf 86' lang='lat' dir='ltr'><strong>praecedit.</strong></span> <span class='ocrx_word' id='word_1_189' title='bbox 1227 4149 1321 4227; x_wconf 85' lang='lat' dir='ltr'><strong>Quod</strong></span> 
     </span>
     <span class='ocr_line' id='line_1_31' title="bbox 362 4253 1323 4339; baseline -0.011 -14"><span class='ocrx_word' id='word_1_190' title='bbox 362 4259 436 4326; x_wconf 87' lang='lat' dir='ltr'><strong>ideo</strong></span> <span class='ocrx_word' id='word_1_191' title='bbox 450 4255 542 4320; x_wconf 84' lang='lat' dir='ltr'><strong>facile</strong></span> <span class='ocrx_word' id='word_1_192' title='bbox 557 4254 744 4318; x_wconf 86' lang='lat' dir='ltr'><strong>crediderim</strong></span> <span class='ocrx_word' id='word_1_193' title='bbox 758 4253 951 4338; x_wconf 88' lang='lat' dir='ltr'><strong>provenisse,</strong></span> <span class='ocrx_word' id='word_1_194' title='bbox 969 4268 1006 4319; x_wconf 92' lang='lat' dir='ltr'><strong>ut</strong></span> <span class='ocrx_word' id='word_1_195' title='bbox 1022 4254 1117 4318; x_wconf 84' lang='lat' dir='ltr'><strong>fidem</strong></span> <span class='ocrx_word' id='word_1_196' title='bbox 1134 4255 1167 4318; x_wconf 92' lang='lat' dir='ltr'><strong>in</strong></span> <span class='ocrx_word' id='word_1_197' title='bbox 1177 4253 1323 4339; x_wconf 89' lang='lat' dir='ltr'><strong>pluribus</strong></span> 
     </span>
     <span class='ocr_line' id='line_1_32' title="bbox 365 4355 1322 4443; baseline -0.009 -18"><span class='ocrx_word' id='word_1_198' title='bbox 365 4361 449 4427; x_wconf 90' lang='lat' dir='ltr'><strong>orbis</strong></span> <span class='ocrx_word' id='word_1_199' title='bbox 474 4359 573 4422; x_wconf 89' lang='lat' dir='ltr'><strong>nostri</strong></span> <span class='ocrx_word' id='word_1_200' title='bbox 599 4357 746 4443; x_wconf 89' lang='lat' dir='ltr'><strong>partibus</strong></span> <span class='ocrx_word' id='word_1_201' title='bbox 776 4378 837 4419; x_wconf 91' lang='lat' dir='ltr'><strong>nou</strong></span> <span class='ocrx_word' id='word_1_202' title='bbox 864 4370 928 4421; x_wconf 89' lang='lat' dir='ltr'><strong>tam</strong></span> <span class='ocrx_word' id='word_1_203' title='bbox 962 4359 1098 4441; x_wconf 89' lang='lat' dir='ltr'><strong>sopitam</strong></span> <span class='ocrx_word' id='word_1_204' title='bbox 1128 4379 1225 4441; x_wconf 86' lang='lat' dir='ltr'><strong>quam</strong></span> <span class='ocrx_word' id='word_1_205' title='bbox 1257 4355 1322 4418; x_wconf 84' lang='lat' dir='ltr'><strong>fere</strong></span> 
     </span>
     <span class='ocr_line' id='line_1_33' title="bbox 366 4459 1325 4551; baseline -0.005 -25"><span class='ocrx_word' id='word_1_206' title='bbox 366 4485 494 4551; x_wconf 87' lang='lat' dir='ltr'><strong>prorsus</strong></span> <span class='ocrx_word' id='word_1_207' title='bbox 503 4464 676 4527; x_wconf 87' lang='lat' dir='ltr'><strong>extinctam</strong></span> <span class='ocrx_word' id='word_1_208' title='bbox 686 4459 760 4547; x_wconf 90' lang='lat' dir='ltr'><strong>pius</strong></span> <span class='ocrx_word' id='word_1_209' title='bbox 770 4462 929 4525; x_wconf 90' lang='lat' dir='ltr'><strong>Dominus</strong></span> <span class='ocrx_word' id='word_1_210' title='bbox 942 4462 1109 4538; x_wconf 89' lang='lat' dir='ltr'><strong>excitaret,</strong></span> <span class='ocrx_word' id='word_1_211' title='bbox 1123 4481 1210 4546; x_wconf 89' lang='lat' dir='ltr'><strong>spem</strong></span> <span class='ocrx_word' id='word_1_212' title='bbox 1224 4461 1325 4544; x_wconf 85' lang='lat' dir='ltr'><strong>erige·</strong></span> 
     </span>
    </p>
   </div>
   <div class='ocr_carea' id='block_1_7' title="bbox 0 0 1696 5525">
    <p class='ocr_par' dir='ltr' id='par_1_7' title="bbox 0 0 1696 5525">
     <span class='ocr_line' id='line_1_34' title="bbox 0 0 1696 5525; baseline 0 1"><span class='ocrx_word' id='word_1_213' title='bbox 0 0 1696 5525; x_wconf 95' lang='lat' dir='ltr'><strong> </strong></span> 
     </span>
    </p>
   </div>
  </div>
 </body>
</html>
