3384 5525
332 1211 480 1275 INDEX
503 1212 832 1277 EPISTOLARUM
857 1212 1222 1279 ALPHABETIOUS.
1261 1285 1267 1295 ,

334 1502 356 1549 A
374 1501 487 1565 designat
497 1502 603 1552 ordinem
613 1504 685 1614 hupins
696 1504 817 1552 editionis.

335 1564 358 1611 B
374 1566 434 1614 edit.
447 1566 525 1616 Paris.
537 1581 631 1613 necnon
666 1567 708 1616 ibi.
722 1567 792 1615 Patr.

334 1627 355 1674 C
372 1630 424 1676 cod.
438 1631 494 1680 MS.
507 1631 588 1678 Paris.
598 1632 671 1677 8560.

334 1691 359 1738 D
375 1694 427 1743 cod.
441 1694 496 1744 MS.
510 1694 588 1741 Paris·
599 1695 672 1740 8605.

333 1756 356 1802 E
373 1757 426 1803 cod.
438 1758 494 1807 MS.
507 1758 588 1806 Oxou.
601 1756 672 1805 Bodl.
682 1755 739 1815 937,
751 1759 791 1818 qui
803 1757 828 1806 in
839 1764 942 1819 quotuor
952 1763 1033 1823 partes
1044 1757 1135 1806 divisus
1147 1764 1193 1806 est.

335 1818 364 1866 F·
373 1820 426 1868 cod.
437 1822 494 1871 MS.
506 1822 588 1871 Oxon.
600 1820 677 1868 Dono.
690 1822 743 1869 159.
755 1822 796 1882 qni
808 1823 833 1869 in
844 1820 906 1869 duas
917 1830 998 1882 partes
1009 1828 1048 1869 est
1058 1822 1159 1869 divisus.

302 1944 324 1991 d·
336 1881 432 1994 {iprg
451 1892 477 1932 et
495 1901 532 1949 ep.
550 1884 584 1932 D.
601 1883 701 1932 Thomae
722 1884 761 1932 ed.
782 1884 868 1933 Bruss.
885 1902 939 1947 quoe
957 1887 983 1934 in
1002 1886 1107 1948 quinque
1124 1885 1197 1933 libros
1215 1891 1254 1934 est

318 1960 338 1992 is
352 1961 372 1992 n
389 1962 406 1993 u
434 1982 439 1993 .

335 2009 363 2057 Η
379 2010 432 2059 cod.
445 2012 500 2060 MS.
513 2012 594 2075 Paris,
606 2012 678 2059 4839.

335 2072 350 2119 Ι
367 2074 419 2123 cod.
433 2075 489 2123 MS.
501 2075 581 2125 Paris.
592 2076 664 2122 4839.

334 2135 361 2182 K
377 2137 430 2188 cod.
442 2139 499 2188 MS.
508 2140 577 2188 Bodl.
589 2139 656 2186 Cave
669 2139 723 2187 159.

336 2200 359 2246 1.
375 2202 429 2248 cod.
442 2202 497 2249 MS.
509 2204 576 2252 Mus.
587 2202 650 2251 Brit.

336 2262 365 2309 Μ
383 2264 436 2313 cod.
448 2266 504 2314 MS.
515 2283 569 2331 epp.
581 2266 614 2313 D.
626 2265 726 2314 Thomae
739 2266 869 2323 Lambeth,
882 2268 937 2315 159.
1029 2267 1031 2271 ’

336 2327 362 2374 Ν
381 2326 484 2377 Reoues
496 2331 537 2379 des
549 2329 698 2390 Historiens,
710 2329 830 2391 Bonqnet.
840 2330 889 2379 voi.
900 2332 952 2381 xvi.
962 2348 986 2396 p.
996 2334 1053 2382 489.
1064 2334 1112 2380 dc.

335 2390 357 2437 0
375 2392 427 2440 cod.
440 2393 496 2442 MS.
508 2393 612 2442 Cantab.
626 2392 687 2440 Bibl.
700 2390 762 2438 Pub.
774 2394 807 2449 Ii,
818 2395 843 2440 2.
854 2397 894 2443 31.

337 2453 359 2501 P
375 2455 428 2503 cod.
447 2456 503 2507 ΜΒ.
520 2458 602 2506 Oxon.
619 2455 682 2504 C'oll.
698 2454 724 2501 S.
746 2456 819 2505 doan.
835 2456 899 2520 Bap.
923 2458 976 2505 126.
1010 2456 1042 2503 In
1061 2456 1144 2503 codice
1164 2454 1195 2517 P,
1212 2454 1253 2516 qni

305 2518 408 2579 scriptus
423 2519 497 2569 fuisse
513 2521 596 2569 statim
612 2524 669 2595 post
683 2524 784 2594 mortens
795 2519 814 2566 J
815 2521 900 2594 oannis
912 2518 1100 2595 Sanesberiensis
1111 2517 1215 2592 videtur,
1226 2523 1252 2565 et

304 2581 1254 2711 3100.0110109ἕὲ18031113213899101001

304 2706 391 2755 hannis
403 2709 592 2758 Saresberiensis
603 2709 643 2772 qui
655 2708 805 2773 postmodum
814 2710 862 2757 fnit
873 2726 886 2759 e
902 2712 998 2773 iecopus
1008 2708 1173 2769 Camotensis‚
1182 2720 1255 2770 super

304 2779 379 2820 cansa
389 2773 453 2822 beati
466 2775 567 2822 Thomae
580 2775 707 2835 Martyris,
720 2788 735 2820 a
746 2774 858 2822 Gnidone
898 2775 960 2822 tiore
975 2773 1115 2820 Suvvicense
1125 2771 1255 2832 diligenter

303 2843 429 2898 excerpta.
462 2838 523 2897 Quae
539 2837 644 2885 studiose
661 2836 754 2885 dictare
770 2838 905 2886 volentibus
921 2844 971 2885 tum
988 2852 1031 2901 pro
1042 2835 1112 2882 modo
1123 2832 1254 2888 scribendi,

303 2904 355 2945 tum
372 2915 415 2960 pro
430 2902 606 2949 sententiarum
617 2899 750 2961 elegantia,
762 2906 813 2947 tum
829 2916 873 2964 pro
889 2915 966 2948 causa
980 2899 1115 2961 praescripti
1133 2897 1254 2960 Martyris

303 2959 460 3018 declaranda,
479 2979 526 3011 non
543 2964 590 3010 erit
605 2962 707 3009 inutilis.
741 2963 876 3011 Praediotns
893 2971 973 3011 antem
990 2962 1051 3010 liber
1067 2960 1222 3024 epistolarum
1239 2975 1255 3006 a

299 3026 439 3086 praescripto
461 3027 585 3087 Magistro
606 3025 719 3072 Johanne
740 3032 795 3089 post
816 3027 911 3090 praeieti
932 3026 1047 3087 martyris
1069 3023 1205 3088 passionem
1227 3023 1254 3070 in

300 3101 375 3196 pncntp
384 3101 470 3196 cpppus
481 3086 764 3198 ἁίἒίἧοοῐεῑάςῑρτονίῐοὲ
772 3093 810 3136 est
820 3090 943 3200 05111681ἒῶ
946 3096 971 3137 et
979 3090 1119 3199 1111ιὲ11610ῗῖ
1132 3086 1255 3196 vtoiuminp

311 3164 399 3197 uuen
424 3164 531 3199 raosu
549 3165 599 3197 lose
627 3165 709 3199 1v1sns.
764 3167 818 3199 orto
834 3167 889 3200 ine
944 3168 982 3200 em
1007 3167 1052 3198 in
1069 3164 1098 3197 co
1116 3164 1241 3198 ecicnee

302 3213 421 3260 divisione
438 3230 467 3262 no
485 3214 652 3262 emendatione
663 3212 717 3276 jam
728 3214 807 3262 dictus
818 3169 899 3277 Prior'l
909 3222 968 3265 tuno
987 3215 1125 3263 Canonious
1136 3211 1253 3260 Meritoni

303 3282 434 3324 memorato
447 3279 570 3340 Magistro
582 3277 690 3324 dohanni
701 3293 781 3327 comes
792 3279 929 3327 individuus
941 3295 970 3328 ac
981 3276 1108 3327 familiaris
1119 3275 1247 3326 adhesit?

334 3340 356 3398 Q
373 3341 426 3388 cod.
438 3341 493 3388 MS.
506 3340 581 3388 CCC.
593 3340 696 3390 Centab.

332 3403 358 3451 R
374 3404 427 3452 cod.
439 3405 495 3454 MS.
506 3404 602 3454 Arund.
612 3406 685 3458 009..

304 3625 343 3673 Ab
354 3625 404 3673 ord.
413 3641 466 3674 ves.
476 3626 507 3674 de
517 3641 556 3673 no.
568 3642 607 3688 ap.
618 3640 661 3672 vos
672 3626 756 3673 soand.
768 3628 791 3673 A
799 3626 822 3673 Β
834 3627 858 3673 D
870 3631 909 3674 43.
923 3627 944 3675 0
957 3629 996 3675 60.

304 3689 344 3736 Ab
354 3690 454 3737 ineunte
464 3695 504 3737 tet.
516 3705 581 3753 amp.
591 3688 659 3735 obed.
672 3690 695 3734 A
703 3688 726 3734 B
735 3687 759 3734 D
772 3691 827 3736 104.
839 3687 862 3736 0
873 3692 913 3736 00.

303 3753 419 3815 Acceptis
430 3753 467 3802 iit.
478 3753 550 3800 amic.
561 3753 607 3799 mei
621 3751 655 3799 R.
667 3750 743 3798 Arch.
757 3751 779 3798 A
790 3753 846 3799 216.
859 3752 881 3799 B
893 3752 949 3798 009.
961 3750 980 3798 C
993 3749 1031 3802 76.
1044 3751 1065 3799 G
1080 3751 1159 3804 1.107.
1171 3750 1197 3798 N
1207 3749 1248 3797 64.

303 3817 419 3864 Actiones
430 3817 565 3878 gratiarum
575 3814 628 3863 deb.
638 3829 690 3877 par.
702 3814 750 3862 ani.
760 3815 782 3862 A
792 3816 849 3863 088.
860 3814 974 3868 B271.C
987 3817 1041 3863 138.
1051 3814 1072 3863 Ε
1084 3815 1148 3864 1901.
1156 3815 1180 3863 G
1188 3816 1254 3865 880.

303 3942 343 3990 Ad
354 3944 422 3991 exilii
434 3955 459 3991 et
487 3958 521 3992 ro.
534 3958 573 3991 me
583 3958 656 4004 quum
667 3943 718 3991 nih.
730 3943 752 3990 A
764 3943 819 3988 084.
831 3941 853 3989 Β
864 3941 920 3994 067.
933 3942 952 3989 C
967 3945 1021 3991 134.

304 4006 344 4053 Ad
355 4007 400 4054 hoc
411 3961 499 4055 excedi
510 4022 560 4055 ves.
572 4022 626 4070 cap.
638 4022 703 4053 omn.
715 4007 738 4054 A
749 4004 770 4052 B
781 4005 805 4052 D
818 4008 873 4053 103.
886 4005 907 4053 0
921 4010 944 4055 l.

304 4070 342 4116 Ad
355 4071 424 4120 notit.
434 4085 486 4118 ves.
497 4070 547 4118 arb.
559 4086 624 4133 perv.
636 4071 660 4118 A
673 4070 728 4122 174.
740 4069 762 4117 Β
777 4071 830 4119 165.
842 4070 862 4117 C
874 4072 915 4118 80.

303 4131 343 4179 Ad
353 4134 442 4181 ostium
455 4134 574 4197 maj.ves.
584 4133 634 4197 pul.
646 4139 689 4181 tot.
701 4133 767 4181 emb.
778 4133 802 4180 A
811 4133 834 4180 B
842 4133 867 4180 D
879 4136 919 4182 08.

304 4194 426 4244 Adversus
437 4196 491 4245 nob.
501 4198 546 4244 vir.
558 4211 619 4244 com.
633 4195 697 4258 ch.
710 4197 733 4243 A
743 4195 766 4242 B
774 4195 799 4242 D
810 4197 834 4242 6.
849 4195 870 4243 0
882 4196 923 4249 67.

303 4257 426 4307 Adversus
438 4259 525 4309 Osber.
535 4259 621 4307 Presb.
632 4273 686 4320 sup.
698 4259 721 4305 A
730 4257 753 4304 B
762 4256 786 4304 D
799 4258 856 4304 119.

302 4321 407 4382 AEquurn
420 4330 465 4385 est,
477 4322 559 4371 dilect.
571 4321 601 4368 de
611 4335 661 4368 ves.
671 4318 745 4381 gaud.
758 4320 781 4366 A
793 4319 849 4366 296.
860 4318 883 4365 Β
894 4318 951 4371 077.
964 4320 1064 4368 (14.36.
1078 4317 1098 4365 Ρ
1110 4321 1150 4365 81.

301 4383 413 4434 Affectus
424 4387 454 4435 ab
465 4386 504 4435 eff.
514 4400 584 4434 conv.
595 4392 619 4431 et
629 4382 688 4446 pler.
700 4385 723 4429 A
734 4380 791 4433 074.
802 4380 825 4427 Β
836 4381 891 4432 057.
904 4381 924 4428 C
937 4384 991 4428 104.

301 4447 325 4494 Α
336 4448 424 4498 finibus
435 4456 482 4499 ter.
493 4449 523 4496 ad
535 4463 576 4496 vos
587 4447 658 4494 clam.
670 4445 745 4508 Angl.
756 4443 817 4496 eccl.
830 4444 853 4493 A
864 4447 921 4492 311.
935 4444 955 4491 Β
966 4447 1023 4494 300.
1035 4444 1054 4494 C
1069 4443 1122 4498 167.
1135 4445 1161 4494 N
1173 4445 1214 4498 97.
