3384 5525
458 784 477 839 4
714 793 849 838 rasurus
866 793 1143 840 sransnnrunusrs
1319 774 1363 853 [r.
1382 795 1411 837 n.

462 948 667 1012 conscientia.
713 948 779 1009 Dat
805 959 911 1010 tamen
938 948 1087 1030 sperandi
1116 968 1240 1020 ausum,
1268 946 1324 1029 qui
1353 967 1414 1007 nos

460 1050 651 1133 ignobilium
681 1060 713 1112 et
741 1048 940 1113 infirmorum
971 1052 1091 1113 elector
1119 1048 1350 1112 ecclesiasticae
1376 1048 1414 1109 li-

460 1153 592 1215 bertatis
607 1150 801 1233 professores
823 1172 895 1214 esse
917 1153 1070 1235 permisit,
1087 1161 1260 1214 assertores
1270 1149 1416 1233 justitiae,

460 1262 492 1316 et
514 1265 610 1317 testes
632 1253 724 1333 legia,
745 1253 955 1315 asseverantis
982 1253 1068 1337 quod
1094 1274 1154 1314 nec
1181 1252 1327 1327 exilium,
1352 1273 1413 1313 nec

460 1355 738 1439 proscriptionem,
754 1353 928 1417 dummodo
944 1355 999 1416 illa
1018 1356 1131 1435 vigeat,
1147 1375 1205 1436 pro
1224 1353 1294 1435 ipsa
1309 1353 1414 1414 tidelis

460 1456 577 1520 debeat
591 1456 769 1518 formidare.
815 1457 935 1519 Omnes
956 1477 1077 1519 caussae
1097 1468 1214 1517 nostrae
1230 1466 1319 1516 tenos
1338 1454 1413 1515 arti-

459 1560 569 1621 culos:
587 1558 850 1642 juramentorum,
866 1579 938 1641 quae
954 1580 973 1621 a
988 1558 1083 1621 nobis
1099 1569 1214 1620 exacta
1228 1564 1313 1630 sunt,
1328 1555 1414 1617 nosti

458 1659 713 1741 conceptionem,
726 1667 761 1720 ut
775 1657 811 1719 in
825 1657 885 1720 hac
904 1667 992 1739 parte
1004 1658 1058 1720 dili
1063 1658 1189 1740 gentius
1207 1654 1412 1738 explananda

459 1781 525 1823 non
540 1769 684 1842 oporteat
700 1758 869 1820 immorari.

502 1860 566 1923 Sed
589 1861 666 1921 sorte
687 1859 787 1931 dices,
803 1856 891 1940 quod
911 1857 1035 1940 pridem
1058 1858 1220 1940 proposita
1241 1864 1413 1926 mutabitur

456 1959 788 2043 formulajuramenti:
812 1978 872 2019 nec
890 1969 1020 2038 cogetur
1036 1960 1150 2043 aliquis
1161 1960 1193 2021 in
1207 1966 1411 2047 reprobarum

460 2060 727 2126 consuetudinum
745 2061 840 2121 verba
850 2059 968 2143 jurare.
1007 2061 1189 2125 Contentus
1204 2066 1262 2127 erit
1277 2077 1412 2129 exactor

367 2220 369 2225 .
452 2163 635 2248 juramenti,
662 2162 688 2223 si
714 2160 877 2223 fidelitatis
903 2161 1067 2225 servandae
1094 2163 1156 2224 sibi
1185 2168 1349 2232 succincte
1379 2178 1412 2231 et

457 2264 601 2328 absolute
619 2264 716 2324 verba
738 2270 948 2344 praestentur:
971 2262 1017 2325 ita
1036 2264 1168 2347 quidem
1189 2277 1223 2328 ut
1244 2289 1310 2329 non
1330 2269 1410 2353 adji-

456 2365 567 2443 ciatur,
597 2364 710 2427 Fidem
740 2364 876 2425 ecclesie
906 2370 936 2426 et
964 2368 1172 2445 prelatorum
1201 2369 1410 2433 obedientiam

456 2469 671 2549 eoloamsore·
712 2467 808 2546 Nam,
823 2476 859 2529 ut
875 2466 974 2541 aiunt,
991 2467 1062 2531 istis
1076 2490 1136 2532 nec
1154 2471 1220 2532 vult
1233 2494 1293 2535 nec
1311 2475 1410 2536 voluit

456 2569 675 2653 prejudicare.
700 2568 796 2640 Quod
811 2590 870 2630 nec
887 2568 1027 2649 exigitur
1036 2570 1260 2653 juramentum.
1291 2577 1408 2638 Verum

456 2670 483 2733 si
496 2670 705 2754 praejudicare
717 2690 783 2731 non
796 2668 902 2747 debet,
916 2690 1013 2753 quare
1024 2674 1211 2737 necessariae
1223 2676 1264 2738 ad
1276 2677 1409 2738 salutem

456 2774 684 2839 observationis
694 2773 844 2836 nonlicet
855 2773 922 2835 lieri
934 2774 1151 2838 mentionem?
1167 2777 1201 2840 si
1212 2779 1409 2862 praejudicat,

454 2896 519 2958 qua
540 2875 738 2940 conscientia
759 2874 960 2957 praestabitur
978 2895 997 2937 a
1016 2875 1128 2941 fideli?
1155 2877 1345 2956 Consilium,
1359 2880 1407 2941 in-

456 2978 539 3061 quis,
565 2977 744 3061 sapientum
771 2987 830 3055 est,
855 2987 925 3040 tum
954 2999 1011 3060 pro
1035 2979 1122 3041 bono
1147 2979 1237 3058 pacis
1263 2989 1295 3039 et
1321 2979 1407 3038 omni

452 3078 637 3162 suspicione
667 3077 808 3150 vitanda,
839 3086 906 3140 tum
942 3098 999 3156 pro
1032 3075 1243 3158 adipiscenda
1278 3077 1409 3138 materia

455 3178 675 3260 gerendorum,
692 3186 729 3238 ut
749 3175 939 3237 necessariis
962 3184 993 3237 et
1015 3171 1125 3235 amicis
1148 3173 1283 3255 quisque
1306 3178 1408 3256 possit

455 3278 617 3342 officiosus
643 3297 721 3338 esse.
766 3273 935 3357 Numquid
961 3274 1137 3336 amicorum
1164 3286 1195 3336 et
1218 3279 1406 3356 nugantium

453 3380 655 3444 familiarium
675 3378 791 3455 favore,
813 3379 869 3461 qui
891 3397 950 3438 nos
973 3375 1177 3439 deseruerunt
1199 3378 1232 3440 in
1255 3380 1407 3454 adversis,

453 3480 683 3566 relinquendus
698 3490 746 3543 est
764 3491 855 3561 pater
869 3476 1167 3556 misericordiarum,
1182 3480 1237 3564 qui
1255 3504 1313 3546 nos
1330 3507 1406 3547 con-

454 3585 574 3647 solatus
596 3593 645 3645 est
660 3591 691 3643 et
713 3581 896 3643 consolatur
917 3579 950 3641 in
974 3579 1061 3642 omni
1080 3581 1294 3662 tribulatione,
1310 3587 1405 3648 immo

454 3707 514 3749 nec
545 3683 757 3748 tribulationis
792 3704 853 3744 nos
882 3681 1036 3766 permittit
1070 3682 1185 3748 habere
1216 3686 1404 3751 scientiam?

454 3787 598 3851 Suadent
624 3786 675 3848 alii
701 3796 736 3848 ut
755 3784 911 3868 juremus,
935 3795 967 3848 at
990 3785 1043 3848 ille
1066 3789 1234 3851 consilium
1260 3789 1315 3852 dat
1339 3812 1405 3852 non

448 3889 599 3973 jurandi:
628 3887 757 3950 cuinam
771 3895 866 3970 putas
884 3907 952 3949 esse
969 3886 1187 3952 credendum?
1224 3889 1297 3969 Ego
1321 3904 1405 3954 certe

455 3992 531 4062 Dei,
547 4012 605 4074 pro
621 4011 671 4052 me
687 3989 845 4052 incarnati
860 4000 891 4052 et
906 3989 1032 4069 mortui,
1044 3991 1214 4055 consilium
1230 3991 1358 4053 fidelius
1375 4004 1406 4054 et

454 4093 613 4156 salubrius
641 4090 755 4153 credo:
794 4103 826 4153 et
851 4090 941 4152 illum
970 4090 1084 4153 frontis
1105 4093 1218 4154 attritae
1245 4111 1314 4153 esse
1340 4113 1405 4152 non

453 4195 626 4274 ambigam,
642 4192 697 4276 qui
719 4213 812 4254 suum
835 4191 961 4254 duxerit
984 4191 1225 4274 praeferendum.
1264 4192 1310 4253 Ut
1329 4213 1404 4272 ergo

454 4307 587 4359 ceteras
607 4292 751 4377 majores,
766 4302 798 4355 et
820 4291 879 4354 tibi
901 4301 992 4354 notas
1007 4291 1098 4354 exilii
1116 4301 1148 4354 ct
1163 4291 1405 4374 proscriptionis

454 4416 583 4461 caussas
607 4403 739 4468 taceam,
758 4393 834 4477 quia
855 4414 914 4476 pro
938 4392 1065 4455 Christo
1082 4392 1263 4474 juramenta
1283 4392 1404 4457 dissua-
