3384 5525
374 770 480 851 llos]
761 792 939 835 nrisrosn.
1269 779 1328 837 193

369 941 533 1026 antiquam
559 939 791 1005 institutionem
818 941 973 1017 redolent,
1001 942 1117 1026 partim
1148 941 1322 1006 doctrinam

367 1040 603 1105 modernorum.
650 1042 731 1105 Inde
749 1043 902 1129 estquod
923 1042 998 1107 licet
1020 1046 1185 1127 antiquam
1208 1042 1321 1127 pellem

367 1154 491 1207 mutare
506 1164 569 1206 uon
591 1144 703 1228 possis,
720 1156 752 1208 te
771 1156 876 1208 tamen
899 1144 1016 1209 litterae
1029 1145 1154 1208 faciunt
1176 1143 1322 1207 insanire.

369 1243 429 1307 Sed
443 1257 483 1309 ut
503 1243 579 1309 olim
602 1246 681 1308 scire
703 1269 922 1323 consueveras,
938 1270 1034 1311 sanus
1055 1246 1173 1311 insanis
1195 1247 1323 1310 videtur

367 1344 517 1426 furiosus,
532 1358 564 1410 et
580 1346 675 1410 ebriis
693 1347 830 1413 lucernae
846 1347 1022 1433 duplicari:
1054 1362 1084 1411 et
1101 1349 1252 1433 frequens
1274 1362 1322 1412 est

367 1462 401 1513 ut
416 1447 562 1513 homines
581 1449 698 1513 bestias
713 1463 840 1536 putent,
856 1462 888 1513 et
908 1463 944 1516 ut
968 1451 1017 1513 sui
1038 1472 1100 1512 non
1124 1450 1322 1514 meminerint

365 1560 419 1613 sut
436 1571 580 1613 suorum.
610 1551 706 1624 Quod
722 1565 827 1616 tamen
844 1552 904 1639 tibi
921 1551 1033 1636 tuique
1049 1550 1204 1615 similibus
1218 1552 1323 1637 impu-

365 1650 425 1714 tsri
440 1673 505 1715 non
521 1651 628 1732 debet,
643 1653 761 1737 quibus
780 1667 845 1717 tam
862 1665 975 1717 natura
995 1675 1091 1737 quam
1109 1674 1178 1716 mos
1199 1653 1322 1737 patrius

366 1752 581 1819 ebriositatem
603 1756 733 1841 ingerit,
757 1768 794 1820 ut
817 1755 912 1819 etiam
928 1756 1032 1841 jejuni
1056 1756 1151 1819 sobrii
1174 1778 1240 1819 esse
1259 1778 1321 1819 non

367 1853 496 1938 possint.
519 1855 760 1919 Moribusenim
771 1855 918 1919 Thebani
927 1855 1011 1919 estis.
1036 1855 1087 1918 Sic
1100 1854 1321 1939 Agnvefilium

365 1976 423 2040 pro
447 1956 550 2021 vitulo
576 1956 730 2033 immolat,
752 1970 784 2021 et
808 1957 948 2042 quisque
970 1955 1057 2042 apud
1082 1980 1138 2020 vos
1160 1980 1193 2020 se
1211 1970 1242 2021 et
1265 1980 1323 2021 sua

364 2055 520 2121 sacrificat
537 2057 673 2122 Baccho.
721 2059 804 2122 Cum
822 2059 937 2121 Cerere
958 2070 1063 2121 tamen
1087 2071 1118 2121 et
1135 2059 1262 2122 Baccho
1285 2059 1323 2122 lis

364 2169 421 2223 est.
467 2158 532 2224 Sed
558 2163 590 2224 in
618 2159 749 2223 cervisia
775 2181 850 2244 quae
873 2159 961 2244 apud
987 2182 1042 2222 vos
1067 2159 1176 2235 vincit,
1199 2175 1325 2252 regnat,

363 2260 512 2345 imperat,
535 2259 688 2347 praevalet
707 2262 817 2335 Ceres,
840 2273 872 2324 et
895 2260 1021 2345 ingenia
1038 2272 1212 2324 vestratum
1236 2261 1322 2324 acuit

364 2373 400 2426 ut
428 2362 598 2427 Franciam
624 2375 764 2427 nostram
791 2383 957 2425 vervecum
983 2361 1118 2447 patriam
1141 2361 1262 2439 credas,
1288 2376 1320 2427 et

364 2463 505 2527 Francos
530 2487 598 2529 esse
621 2485 776 2530 verveces.
823 2463 917 2540 Quod
940 2462 1024 2529 nude
1047 2462 1106 2528 tibi
1127 2467 1159 2528 in
1181 2478 1319 2528 mentem

364 2565 485 2631 venerit
500 2566 615 2643 nescio,
625 2570 685 2632 nisi
699 2590 738 2630 ex
754 2565 909 2650 praedicta
923 2588 1029 2645 causa,
1041 2565 1090 2629 vel
1106 2566 1232 2650 quintu
1248 2588 1321 2629 cum

363 2681 459 2753 gente
475 2680 542 2745 tua,
558 2682 666 2733 nostra
679 2668 712 2732 id
728 2680 776 2732 est
793 2670 991 2731 Francorum
1007 2691 1126 2732 cornua
1143 2668 1244 2744 times,
1263 2690 1320 2731 nos

364 2772 506 2836 Francos
520 2773 659 2838 ebriosos
674 2786 780 2858 putas,
796 2795 832 2835 ac
848 2771 872 2834 si
889 2771 1005 2857 loripes
1028 2785 1152 2835 rectum
1167 2770 1321 2850 derideat,

364 2872 519 2960 AEthiops
530 2874 649 2938 album.
674 2873 737 2936 Sed
749 2873 817 2937 haec
832 2885 865 2936 et
881 2872 993 2936 similia
1009 2872 1202 2936 vestratibus
1213 2871 1320 2946 licent,

362 2975 462 3041 immo
476 2988 509 3040 et
523 2975 645 3040 decent.
670 2979 721 3040 De
735 2986 848 3039 caetero
864 2973 889 3036 si
905 2972 1045 3038 nondum
1058 2972 1163 3037 ebrius
1179 2995 1222 3048 es,
1238 2973 1321 3035 insta

367 3090 550 3163 opportune
573 3076 755 3163 importune
786 3077 911 3140 Britoni
942 3099 1037 3161 super
1066 3074 1208 3161 epistolis
1237 3075 1321 3139 beati

365 3180 569 3266 Hieronymi,
592 3198 624 3246 et
639 3181 729 3245 latori
754 3181 958 3267 praesentium
975 3202 1070 3265 quam
1095 3179 1213 3264 poteris
1227 3201 1319 3265 opem

364 3279 447 3346 feras
463 3279 557 3344 salvis
571 3281 829 3367 proprietatibus.
876 3281 995 3344 Valete.

363 3588 583 3652 EPISTOLA
606 3590 939 3656 CCLXXXIV.-au
954 3607 1153 3652 rramsrnun
1169 3608 1320 3652 unorum.

738 3692 783 3771 [a.
802 3711 833 3754 u.
854 3690 961 3768 1168.]

644 3852 736 3914 Idem
751 3851 915 3934 Mayistro
932 3849 1045 3913 Odom'.

405 3987 460 4050 Au
471 3985 558 4050 exilii
573 3998 605 4049 et
615 3983 855 4071 proscriptionis
865 4005 944 4047 meae
954 3982 1120 4046 cumulum
1138 3982 1217 4046 nihil
1232 4005 1317 4046 acer·

364 4086 437 4152 bius
447 4091 556 4174 potuit
570 4087 746 4164 accessisse,
759 4107 856 4171 quam
872 4099 908 4150 ut
924 4085 1002 4149 mibi
1019 4084 1227 4150 subtrabatur
1243 4085 1322 4150 sola-

365 4189 446 4254 tium
462 4189 638 4266 literarum,
648 4212 722 4275 quae
737 4200 901 4274 praeeunte
916 4187 1020 4272 gratia
1031 4200 1166 4252 mentem
1182 4200 1322 4272 purgant

363 4312 384 4354 a
396 4290 496 4368 vitiis,
512 4294 631 4356 notitia
652 4290 795 4354 veritatis
816 4289 990 4366 illustrant,
1013 4287 1190 4352 accendunt
1210 4288 1322 4350 carita-

363 4404 438 4468 tem,
455 4409 488 4458 et
504 4394 656 4459 exercitio
671 4395 720 4459 sui
737 4394 870 4458 virtutes
893 4390 1059 4456 stabiliunt
1075 4402 1106 4454 et
1125 4390 1321 4453 confirmant.

407 4515 480 4561 VOL.
497 4515 534 4560 11.
830 4516 850 4555 0
