3384 5525
740 780 958 858 1167.]
1508 796 1872 841 Ems‘romn.
2565 780 2647 839 85

728 952 957 1015 castris
984 952 1054 1014 in
1083 972 1267 1015 nares
1297 951 1435 1036 ejus
1459 948 1839 1026 ascenderit,
1863 948 2146 1011 Domino
2175 967 2432 1011 manum
2459 966 2640 1008 suam

727 1053 1117 1117 extendente
1164 1074 1354 1137 super
1382 1073 1550 1130 eum,
1580 1051 1868 1113 nondum
1915 1062 2128 1113 tamen
2164 1048 2365 1112 voluit
2409 1068 2640 1128 agnos-

729 1174 874 1216 cere
935 1165 999 1218 et
1057 1154 1354 1218 confiteri
1414 1173 1682 1216 errorem
1751 1173 1963 1215 suum.
2062 1151 2363 1232 Erigatur
2417 1150 2635 1233 itaque

731 1254 1007 1338 Spiritus
1060 1266 1289 1333 vester,
1334 1253 1636 1339 quoniam
1687 1253 1981 1318 Christus
2035 1252 2253 1327 vincit,
2296 1260 2523 1333 regnat
2575 1260 2638 1313 et

729 1355 1025 1438 imperat,
1071 1367 1135 1421 et
1193 1355 1561 1419 recordatus
1617 1375 1973 1439 pauperum
2032 1375 2289 1421 suorum
2347 1358 2641 1435 potentes

730 1457 967 1539 impios
997 1457 1327 1539 potentius
1357 1465 1631 1537 torquet.
1692 1455 1939 1521 valete.

728 1826 1173 1891 EPISTOLA
1204 1825 1787 1890 CCXXVIL--An
1815 1842 2124 1888 JOANNEM
2156 1843 2646 1892 monvasEM

1210 1945 1607 1991 EPISCOPUM.
1705 1927 1795 2007 [Α.
1831 1946 1892 1990 n.
1933 1927 2151 2008 1162]

810 2112 1073 2174 Amicus
1100 2112 1297 2173 amico
1319 2136 1340 2174 .·
1398 2110 1591 2173 verba
1623 2110 1865 2173 domini
1898 2109 2397 2174 Cantuarienais
2425 2129 2574 2174 cum

1089 2213 1319 2296 legatia
1345 2213 1518 2275 inter
1554 2212 1904 2275 Gisortium
1934 2217 1996 2274 et
2035 2211 2283 2273 Trium.

825 2380 1003 2451 QUIA
1046 2390 1108 2443 te
1152 2399 1347 2462 super
1391 2387 1559 2442 statu
1603 2379 1919 2457 ecclesiae,
1966 2389 2032 2442 et
2073 2378 2424 2462 impetratae
2466 2379 2643 2460 lega-

734 2480 928 2545 tionis
957 2490 1191 2543 eventu
1221 2465 1564 2543 sollicitum
1596 2501 1737 2543 esse
1766 2500 1898 2542 non
1946 2480 2225 2561 ambigo,
2256 2479 2335 2543 ad
2371 2490 2545 2543 tuam
2575 2491 2642 2544 et

732 2584 1003 2647 aliorum
1062 2584 1272 2645 Deum
1337 2582 1699 2645 timentium
1759 2582 2266 2646 consolationem
2322 2582 2464 2647 haec
2525 2584 2642 2647 tibi

734 2684 1073 2747 succincta
1133 2682 1444 2745 brevitate
1504 2683 1725 2746 censui
1782 2683 2252 2767 perscribenda.
2372 2685 2643 2748 Noveris

728 2786 959 2867 itaque
982 2782 1313 2846 dominum
1333 2781 1955 2863 cantuariensem‚et
1977 2787 2323 2848 nonnullos
2345 2785 2427 2848 de
2451 2806 2644 2848 coex-

725 2885 948 2948 ulibus
981 2883 1136 2960 suis,
1166 2882 1231 2944 in
1266 2895 1491 2947 octava
1522 2884 1699 2947 beati
1728 2885 1993 2948 Martini
2020 2885 2187 2948 inter
2208 2885 2564 2948 Gisortium
2583 2895 2647 2949 et

728 2985 951 3048 Triam
965 2983 1317 3047 accessisse
1331 2983 1414 3046 ad
1438 2981 1830 3068 colloquium
1848 2985 2220 3066 legatorum.
2267 2987 2480 3058 Quum
2493 3005 2643 3049 vero

729 3086 831 3149 illi
877 3087 1076 3149 multa
1106 3086 1594 3170 proposuissent
1638 3086 1720 3150 de
1767 3085 2026 3149 caritate
2072 3085 2315 3150 domini
2352 3108 2535 3172 papae
2580 3097 2643 3151 et

733 3185 1168 3250 sollicitudine
1198 3185 1421 3264 nostri,
1453 3208 1643 3269 quam
1676 3187 1984 3249 attentius
2014 3186 2175 3268 gerit
2203 3185 2282 3250 de
2313 3187 2640 3251 laboribus

730 3288 1015 3371 ipsorum
1040 3297 1105 3349 et
1135 3286 1381 3350 itineris
1411 3284 1736 3369 periculis,
1763 3285 1846 3350 de
1879 3282 2310 3367 magnitudine
2333 3287 2644 3372 principis

730 3398 796 3451 et
824 3388 1203 3451 necessitate
1232 3388 1542 3461 ecclesiae,
1568 3387 1649 3451 de
1679 3387 1927 3451 malitia
1952 3388 2272 3470 temporiS‚
2314 3386 2394 3452 de
2425 3409 2641 3453 amore

730 3498 797 3553 et
824 3487 1197 3565 benefic-iiS,
1241 3489 1480 3572 quibus
1524 3487 1823 3553 dominus
1865 3509 1983 3552 rex
2026 3499 2418 3572 praevenerat
2463 3489 2638 3554 Can-

732 3588 1140 3666 watiensem,
1169 3599 1232 3650 et
1275 3587 1356 3651 de
1387 3587 1627 3652 honore
1672 3610 1868 3671 quem
1913 3588 1974 3652 ei
2021 3609 2272 3673 semper
2314 3588 2641 3666 exhibuit,

736 3690 1116 3776 adjecerunt
1144 3689 1335 3753 etiam
1379 3692 1669 3772 querelas
1711 3701 1776 3754 et
1814 3689 2101 3774 injurias,
2131 3691 2368 3774 quibus
2408 3714 2525 3756 rex
2569 3713 2639 3756 se

730 3795 959 3856 laesum
1004 3811 1145 3855 esse
1189 3811 1229 3853 a
1259 3790 1709 3855 cantuariensi
1755 3793 2185 3875 conqueritur,
2211 3793 2550 3876 imponens
2581 3793 2641 3858 ei

735 3905 803 3958 et
843 3894 1011 3956 inter
1054 3905 1307 3970 caetera,
1350 3893 1524 3976 quod
1569 3893 1630 3957 ei
1675 3894 2071 3958 excitaverat
2129 3916 2420 3977 guerram
2475 3897 2644 3978 regis

730 3997 1143 4072 Francorum,
1195 4005 1553 4077 quaerentes
1612 3996 1951 4059 consilium
2014 3995 2339 4080 quomodo
2395 4006 2640 4063 tantam

732 4096 1241 4178 indignationem
1309 4097 1561 4181 placare
1633 4109 1943 4179 poassent.
2019 4097 2171 4181 quia
2243 4097 2384 4161 sine
2460 4129 2492 4153 ιτ
2532 4138 2535 4142 »
2593 4126 2622 4185 ,¹3

731 4198 1116 4278 humilitate,
1171 4207 1236 4260 et
1291 4196 1752 4273 moderatione,
1803 4209 1867 4261 et
1923 4197 2333 4265 exhibitione
2396 4210 2512 4285 ι
2588 4185 2608 4223 ’·

730 4309 1044 4364 noverant
1103 4301 1295 4364 tantis
1364 4302 1666 4384 periculis
1735 4301 2087 4365 remedium
2170 4329 2226 4354 m
2259 4297 2336 4369 *fg
2371 4309 2374 4310 ’
2410 4310 2423 4317 “

732 4424 946 4485 posse·
1060 4402 1540 4466 Cantuariensis
1586 4424 1731 4467 reru
1794 4405 1859 4465 in
1907 4401 2079 4465 omui
2139 4401 2279 4465 hm
2339 4391 2392 4472 ⁷32⁴
