<?xml version="1.0" encoding="UTF-8"?>
<!DOCTYPE html PUBLIC "-//W3C//DTD XHTML 1.0 Transitional//EN"
    "http://www.w3.org/TR/xhtml1/DTD/xhtml1-transitional.dtd">
<html xmlns="http://www.w3.org/1999/xhtml" xml:lang="en" lang="en">
 <head>
  <title>
</title>
<meta http-equiv="Content-Type" content="text/html;charset=utf-8" />
  <meta name='ocr-system' content='tesseract 3.04.00' />
  <meta name='ocr-capabilities' content='ocr_page ocr_carea ocr_par ocr_line ocrx_word'/>
</head>
<body>
  <div class='ocr_page' id='page_1' title='image "./joannissaresber05johngoog_0098.png"; bbox 0 0 3384 5525; ppageno 0'>
   <div class='ocr_carea' id='block_1_1' title="bbox 483 744 1437 827">
    <p class='ocr_par' dir='ltr' id='par_1_1' title="bbox 483 744 1437 827">
     <span class='ocr_line' id='line_1_1' title="bbox 483 744 1437 827; baseline -0.009 -12"><span class='ocrx_word' id='word_1_1' title='bbox 483 756 525 815; x_wconf 78' lang='grc'><strong>80</strong></span> <span class='ocrx_word' id='word_1_2' title='bbox 742 766 878 811; x_wconf 73' lang='lat' dir='ltr'><strong>ioannis</strong></span> <span class='ocrx_word' id='word_1_3' title='bbox 894 763 1171 809; x_wconf 77' lang='lat' dir='ltr'><strong>sasnsnuamusn</strong></span> <span class='ocrx_word' id='word_1_4' title='bbox 1343 744 1388 827; x_wconf 76' lang='lat' dir='ltr'><strong>[r.</strong></span> <span class='ocrx_word' id='word_1_5' title='bbox 1406 762 1437 806; x_wconf 89' lang='lat' dir='ltr'><strong>u.</strong></span> 
     </span>
    </p>
   </div>
   <div class='ocr_carea' id='block_1_2' title="bbox 485 915 1437 1104">
    <p class='ocr_par' dir='ltr' id='par_1_2' title="bbox 485 915 1437 1104">
     <span class='ocr_line' id='line_1_2' title="bbox 485 915 1437 1002; baseline -0.007 -17"><span class='ocrx_word' id='word_1_6' title='bbox 485 920 631 985; x_wconf 85' lang='lat' dir='ltr'><strong>desidero</strong></span> <span class='ocrx_word' id='word_1_7' title='bbox 661 918 841 1002; x_wconf 82' lang='lat' dir='ltr'><strong>procurari:</strong></span> <span class='ocrx_word' id='word_1_8' title='bbox 876 920 921 981; x_wconf 91' lang='lat' dir='ltr'><strong>ita</strong></span> <span class='ocrx_word' id='word_1_9' title='bbox 947 927 1051 981; x_wconf 89' lang='lat' dir='ltr'><strong>tamen</strong></span> <span class='ocrx_word' id='word_1_10' title='bbox 1081 932 1118 981; x_wconf 90' lang='lat' dir='ltr'><strong>ut</strong></span> <span class='ocrx_word' id='word_1_11' title='bbox 1149 915 1336 1001; x_wconf 83' lang='lat' dir='ltr'><strong>(antequam</strong></span> <span class='ocrx_word' id='word_1_12' title='bbox 1366 915 1437 979; x_wconf 90' lang='lat' dir='ltr'><strong>illos</strong></span> 
     </span>
     <span class='ocr_line' id='line_1_3' title="bbox 486 1015 1437 1104; baseline -0.009 -17"><span class='ocrx_word' id='word_1_13' title='bbox 486 1020 613 1103; x_wconf 87' lang='lat' dir='ltr'><strong>adeam)</strong></span> <span class='ocrx_word' id='word_1_14' title='bbox 639 1021 762 1085; x_wconf 89' lang='lat' dir='ltr'><strong>domini</strong></span> <span class='ocrx_word' id='word_1_15' title='bbox 785 1019 929 1104; x_wconf 82' lang='lat' dir='ltr'>episcopi</span> <span class='ocrx_word' id='word_1_16' title='bbox 953 1038 984 1083; x_wconf 87' lang='lat' dir='ltr'><strong>et</strong></span> <span class='ocrx_word' id='word_1_17' title='bbox 1006 1031 1121 1097; x_wconf 85' lang='lat' dir='ltr'><strong>vestro,</strong></span> <span class='ocrx_word' id='word_1_18' title='bbox 1142 1031 1175 1083; x_wconf 90' lang='lat' dir='ltr'><strong>et</strong></span> <span class='ocrx_word' id='word_1_19' title='bbox 1197 1020 1246 1083; x_wconf 92' lang='lat' dir='ltr'><strong>M.</strong></span> <span class='ocrx_word' id='word_1_20' title='bbox 1263 1015 1437 1090; x_wconf 75' lang='lat' dir='ltr'><strong>laurentii,</strong></span> 
     </span>
    </p>
   </div>
   <div class='ocr_carea' id='block_1_3' title="bbox 481 1118 1440 2495">
    <p class='ocr_par' dir='ltr' id='par_1_3' title="bbox 481 1118 1440 2495">
     <span class='ocr_line' id='line_1_4' title="bbox 485 1118 1437 1205; baseline -0.007 -17"><span class='ocrx_word' id='word_1_21' title='bbox 485 1126 513 1188; x_wconf 86' lang='lat' dir='ltr'><strong>si</strong></span> <span class='ocrx_word' id='word_1_22' title='bbox 528 1136 634 1188; x_wconf 88' lang='lat' dir='ltr'><strong>tomen</strong></span> <span class='ocrx_word' id='word_1_23' title='bbox 649 1124 690 1186; x_wconf 90' lang='lat' dir='ltr'><strong>ab</strong></span> <span class='ocrx_word' id='word_1_24' title='bbox 705 1122 822 1204; x_wconf 86' lang='lat' dir='ltr'><strong>Anglia</strong></span> <span class='ocrx_word' id='word_1_25' title='bbox 837 1121 940 1196; x_wconf 90' lang='lat' dir='ltr'><strong>rediit,</strong></span> <span class='ocrx_word' id='word_1_26' title='bbox 951 1142 1047 1205; x_wconf 88' lang='lat' dir='ltr'><strong>snper</strong></span> <span class='ocrx_word' id='word_1_27' title='bbox 1061 1121 1199 1203; x_wconf 88' lang='lat' dir='ltr'><strong>negotiis</strong></span> <span class='ocrx_word' id='word_1_28' title='bbox 1214 1119 1364 1203; x_wconf 81' lang='lat' dir='ltr'><strong>gerendis</strong></span> <span class='ocrx_word' id='word_1_29' title='bbox 1379 1118 1437 1181; x_wconf 88' lang='lat' dir='ltr'><strong>sim</strong></span> 
     </span>
     <span class='ocr_line' id='line_1_5' title="bbox 484 1217 1435 1287; baseline -0.008 0"><span class='ocrx_word' id='word_1_30' title='bbox 484 1224 671 1287; x_wconf 83' lang='lat' dir='ltr'><strong>informatus</strong></span> <span class='ocrx_word' id='word_1_31' title='bbox 696 1221 842 1285; x_wconf 88' lang='lat' dir='ltr'><strong>consilio.</strong></span> <span class='ocrx_word' id='word_1_32' title='bbox 887 1221 1003 1284; x_wconf 89' lang='lat' dir='ltr'><strong>Varius</strong></span> <span class='ocrx_word' id='word_1_33' title='bbox 1030 1233 1138 1285; x_wconf 88' lang='lat' dir='ltr'><strong>autem</strong></span> <span class='ocrx_word' id='word_1_34' title='bbox 1161 1242 1269 1283; x_wconf 92' lang='lat' dir='ltr'><strong>rumor</strong></span> <span class='ocrx_word' id='word_1_35' title='bbox 1294 1230 1344 1283; x_wconf 88' lang='lat' dir='ltr'><strong>est</strong></span> <span class='ocrx_word' id='word_1_36' title='bbox 1367 1217 1435 1281; x_wconf 89' lang='lat' dir='ltr'><strong>aliis</strong></span> 
     </span>
     <span class='ocr_line' id='line_1_6' title="bbox 486 1317 1438 1406; baseline -0.012 -16"><span class='ocrx_word' id='word_1_37' title='bbox 486 1326 699 1390; x_wconf 70' lang='lat' dir='ltr'>asserentibus</span> <span class='ocrx_word' id='word_1_38' title='bbox 732 1321 912 1387; x_wconf 83' lang='lat' dir='ltr'><strong>cardinales</strong></span> <span class='ocrx_word' id='word_1_39' title='bbox 940 1322 1078 1386; x_wconf 81' lang='lat' dir='ltr'><strong>fideliter</strong></span> <span class='ocrx_word' id='word_1_40' title='bbox 1106 1344 1165 1406; x_wconf 91' lang='lat' dir='ltr'><strong>pro</strong></span> <span class='ocrx_word' id='word_1_41' title='bbox 1194 1320 1346 1385; x_wconf 82' lang='lat' dir='ltr'><strong>Ecclesia</strong></span> <span class='ocrx_word' id='word_1_42' title='bbox 1375 1317 1438 1381; x_wconf 91' lang='lat' dir='ltr'><strong>Dei</strong></span> 
     </span>
     <span class='ocr_line' id='line_1_7' title="bbox 481 1420 1435 1508; baseline -0.008 -18"><span class='ocrx_word' id='word_1_43' title='bbox 481 1426 697 1491; x_wconf 80' lang='lat' dir='ltr'><strong>laboraturos:</strong></span> <span class='ocrx_word' id='word_1_44' title='bbox 722 1425 792 1488; x_wconf 89' lang='lat' dir='ltr'><strong>aliis</strong></span> <span class='ocrx_word' id='word_1_45' title='bbox 807 1424 990 1487; x_wconf 83' lang='lat' dir='ltr'><strong>dicentibus</strong></span> <span class='ocrx_word' id='word_1_46' title='bbox 1013 1424 1100 1508; x_wconf 93' lang='lat' dir='ltr'><strong>quod</strong></span> <span class='ocrx_word' id='word_1_47' title='bbox 1122 1432 1358 1508; x_wconf 87' lang='lat' dir='ltr'><strong>proposuerunt</strong></span> <span class='ocrx_word' id='word_1_48' title='bbox 1372 1420 1435 1483; x_wconf 92' lang='lat' dir='ltr'><strong>dis·</strong></span> 
     </span>
     <span class='ocr_line' id='line_1_8' title="bbox 484 1524 1435 1608; baseline -0.008 -17"><span class='ocrx_word' id='word_1_49' title='bbox 484 1528 607 1591; x_wconf 88' lang='lat' dir='ltr'><strong>trahere</strong></span> <span class='ocrx_word' id='word_1_50' title='bbox 616 1525 762 1590; x_wconf 82' lang='lat' dir='ltr'><strong>ecolesiae</strong></span> <span class='ocrx_word' id='word_1_51' title='bbox 770 1524 1000 1601; x_wconf 90' lang='lat' dir='ltr'><strong>libertatem,et</strong></span> <span class='ocrx_word' id='word_1_52' title='bbox 1008 1545 1161 1588; x_wconf 83' lang='lat' dir='ltr'><strong>evacuare</strong></span> <span class='ocrx_word' id='word_1_53' title='bbox 1165 1524 1322 1608; x_wconf 86' lang='lat' dir='ltr'><strong>justitiam</strong></span> <span class='ocrx_word' id='word_1_54' title='bbox 1333 1541 1435 1585; x_wconf 75' lang='lat' dir='ltr'><strong>causae</strong></span> 
     </span>
     <span class='ocr_line' id='line_1_9' title="bbox 484 1619 1436 1709; baseline -0.011 -18"><span class='ocrx_word' id='word_1_55' title='bbox 484 1637 601 1691; x_wconf 88' lang='lat' dir='ltr'><strong>nostrae</strong></span> <span class='ocrx_word' id='word_1_56' title='bbox 616 1647 675 1709; x_wconf 90' lang='lat' dir='ltr'><strong>pro</strong></span> <span class='ocrx_word' id='word_1_57' title='bbox 689 1624 836 1708; x_wconf 87' lang='lat' dir='ltr'><strong>pecunia,</strong></span> <span class='ocrx_word' id='word_1_58' title='bbox 854 1644 950 1708; x_wconf 88' lang='lat' dir='ltr'><strong>quam</strong></span> <span class='ocrx_word' id='word_1_59' title='bbox 969 1634 1075 1687; x_wconf 91' lang='lat' dir='ltr'><strong>tamen</strong></span> <span class='ocrx_word' id='word_1_60' title='bbox 1092 1645 1157 1687; x_wconf 92' lang='lat' dir='ltr'><strong>non</strong></span> <span class='ocrx_word' id='word_1_61' title='bbox 1173 1624 1251 1687; x_wconf 91' lang='lat' dir='ltr'><strong>licet</strong></span> <span class='ocrx_word' id='word_1_62' title='bbox 1264 1621 1389 1685; x_wconf 89' lang='lat' dir='ltr'><strong>mittere</strong></span> <span class='ocrx_word' id='word_1_63' title='bbox 1404 1619 1436 1682; x_wconf 89' lang='lat' dir='ltr'><strong>in</strong></span> 
     </span>
     <span class='ocr_line' id='line_1_10' title="bbox 486 1724 1436 1811; baseline -0.011 -18"><span class='ocrx_word' id='word_1_64' title='bbox 486 1730 671 1805; x_wconf 89' lang='lat' dir='ltr'><strong>corbonam,</strong></span> <span class='ocrx_word' id='word_1_65' title='bbox 686 1727 762 1811; x_wconf 87' lang='lat' dir='ltr'><strong>quia</strong></span> <span class='ocrx_word' id='word_1_66' title='bbox 783 1727 920 1810; x_wconf 89' lang='lat' dir='ltr'><strong>pretium</strong></span> <span class='ocrx_word' id='word_1_67' title='bbox 940 1726 1105 1807; x_wconf 80' lang='lat' dir='ltr'><strong>sanguinis</strong></span> <span class='ocrx_word' id='word_1_68' title='bbox 1127 1736 1185 1789; x_wconf 90' lang='lat' dir='ltr'><strong>est.</strong></span> <span class='ocrx_word' id='word_1_69' title='bbox 1229 1725 1311 1788; x_wconf 85' lang='lat' dir='ltr'><strong>Erat</strong></span> <span class='ocrx_word' id='word_1_70' title='bbox 1329 1724 1436 1805; x_wconf 87' lang='lat' dir='ltr'><strong>itaque</strong></span> 
     </span>
     <span class='ocr_line' id='line_1_11' title="bbox 486 1827 1436 1912; baseline -0.008 -17"><span class='ocrx_word' id='word_1_71' title='bbox 486 1831 661 1912; x_wconf 76' lang='lat' dir='ltr'><strong>diligentiae</strong></span> <span class='ocrx_word' id='word_1_72' title='bbox 676 1840 787 1893; x_wconf 76' lang='lat' dir='ltr'><strong>vestrm</strong></span> <span class='ocrx_word' id='word_1_73' title='bbox 801 1828 985 1906; x_wconf 82' lang='lat' dir='ltr'><strong>rescribere,</strong></span> <span class='ocrx_word' id='word_1_74' title='bbox 1000 1827 1087 1912; x_wconf 92' lang='lat' dir='ltr'><strong>quod</strong></span> <span class='ocrx_word' id='word_1_75' title='bbox 1108 1828 1148 1891; x_wconf 94' lang='lat' dir='ltr'><strong>de</strong></span> <span class='ocrx_word' id='word_1_76' title='bbox 1170 1828 1306 1893; x_wconf 92' lang='lat' dir='ltr'><strong>consilio</strong></span> <span class='ocrx_word' id='word_1_77' title='bbox 1328 1845 1436 1890; x_wconf 91' lang='lat' dir='ltr'><strong>eorum</strong></span> 
     </span>
     <span class='ocr_line' id='line_1_12' title="bbox 486 1929 1437 2012; baseline -0.009 -15"><span class='ocrx_word' id='word_1_78' title='bbox 486 1944 520 1997; x_wconf 88' lang='lat' dir='ltr'><strong>et</strong></span> <span class='ocrx_word' id='word_1_79' title='bbox 534 1943 618 1995; x_wconf 84' lang='lat' dir='ltr'><strong>statu</strong></span> <span class='ocrx_word' id='word_1_80' title='bbox 640 1929 763 1991; x_wconf 90' lang='lat' dir='ltr'><strong>domini</strong></span> <span class='ocrx_word' id='word_1_81' title='bbox 778 1930 862 2009; x_wconf 88' lang='lat' dir='ltr'><strong>regis</strong></span> <span class='ocrx_word' id='word_1_82' title='bbox 877 1938 910 1993; x_wconf 90' lang='lat' dir='ltr'><strong>et</strong></span> <span class='ocrx_word' id='word_1_83' title='bbox 924 1929 1020 1993; x_wconf 75' lang='lat' dir='ltr'><strong>curiae</strong></span> <span class='ocrx_word' id='word_1_84' title='bbox 1035 1929 1211 1993; x_wconf 87' lang='lat' dir='ltr'><strong>habueritis</strong></span> <span class='ocrx_word' id='word_1_85' title='bbox 1226 1929 1437 2012; x_wconf 88' lang='lat' dir='ltr'><strong>exploratum,</strong></span> 
     </span>
     <span class='ocr_line' id='line_1_13' title="bbox 485 2028 1436 2115; baseline -0.013 -18"><span class='ocrx_word' id='word_1_86' title='bbox 485 2043 519 2097; x_wconf 88' lang='lat' dir='ltr'><strong>et</strong></span> <span class='ocrx_word' id='word_1_87' title='bbox 548 2052 620 2115; x_wconf 85' lang='lat' dir='ltr'><strong>quae</strong></span> <span class='ocrx_word' id='word_1_88' title='bbox 647 2030 733 2093; x_wconf 90' lang='lat' dir='ltr'><strong>circa</strong></span> <span class='ocrx_word' id='word_1_89' title='bbox 757 2028 922 2091; x_wconf 90' lang='lat' dir='ltr'><strong>dominum</strong></span> <span class='ocrx_word' id='word_1_90' title='bbox 948 2030 1138 2113; x_wconf 90' lang='lat' dir='ltr'><strong>episcopum</strong></span> <span class='ocrx_word' id='word_1_91' title='bbox 1161 2042 1193 2092; x_wconf 96' lang='lat' dir='ltr'><strong>et</strong></span> <span class='ocrx_word' id='word_1_92' title='bbox 1216 2049 1272 2091; x_wconf 83' lang='lat' dir='ltr'><strong>ros</strong></span> <span class='ocrx_word' id='word_1_93' title='bbox 1295 2037 1436 2110; x_wconf 86' lang='lat' dir='ltr'><strong>agantur,</strong></span> 
     </span>
     <span class='ocr_line' id='line_1_14' title="bbox 485 2125 1440 2203; baseline -0.01 -7"><span class='ocrx_word' id='word_1_94' title='bbox 485 2132 612 2197; x_wconf 88' lang='lat' dir='ltr'><strong>fidelius</strong></span> <span class='ocrx_word' id='word_1_95' title='bbox 626 2129 780 2193; x_wconf 86' lang='lat' dir='ltr'><strong>intimare.</strong></span> <span class='ocrx_word' id='word_1_96' title='bbox 825 2130 944 2193; x_wconf 88' lang='lat' dir='ltr'><strong>Precor</strong></span> <span class='ocrx_word' id='word_1_97' title='bbox 964 2130 1059 2193; x_wconf 88' lang='lat' dir='ltr'><strong>etiam</strong></span> <span class='ocrx_word' id='word_1_98' title='bbox 1074 2141 1110 2193; x_wconf 91' lang='lat' dir='ltr'><strong>ut</strong></span> <span class='ocrx_word' id='word_1_99' title='bbox 1124 2130 1201 2193; x_wconf 90' lang='lat' dir='ltr'><strong>mihi</strong></span> <span class='ocrx_word' id='word_1_100' title='bbox 1221 2127 1398 2203; x_wconf 86' lang='lat' dir='ltr'><strong>remittatis,</strong></span> <span class='ocrx_word' id='word_1_101' title='bbox 1413 2125 1440 2187; x_wconf 90' lang='lat' dir='ltr'><strong>si</strong></span> 
     </span>
     <span class='ocr_line' id='line_1_15' title="bbox 486 2223 1438 2315; baseline -0.007 -23"><span class='ocrx_word' id='word_1_102' title='bbox 486 2229 562 2315; x_wconf 93' lang='lat' dir='ltr'><strong>quid</strong></span> <span class='ocrx_word' id='word_1_103' title='bbox 577 2228 734 2309; x_wconf 86' lang='lat' dir='ltr'><strong>Magister</strong></span> <span class='ocrx_word' id='word_1_104' title='bbox 752 2227 919 2290; x_wconf 85' lang='lat' dir='ltr'><strong>Johnnnes</strong></span> <span class='ocrx_word' id='word_1_105' title='bbox 934 2228 1107 2311; x_wconf 85' lang='lat' dir='ltr'><strong>rescripsit,</strong></span> <span class='ocrx_word' id='word_1_106' title='bbox 1122 2228 1334 2312; x_wconf 85' lang='lat' dir='ltr'><strong>petitionibus</strong></span> <span class='ocrx_word' id='word_1_107' title='bbox 1350 2223 1438 2300; x_wconf 91' lang='lat' dir='ltr'><strong>meis,</strong></span> 
     </span>
     <span class='ocr_line' id='line_1_16' title="bbox 487 2324 1438 2415; baseline -0.007 -21"><span class='ocrx_word' id='word_1_108' title='bbox 487 2340 542 2395; x_wconf 85' lang='lat' dir='ltr'><strong>aut</strong></span> <span class='ocrx_word' id='word_1_109' title='bbox 563 2331 592 2393; x_wconf 90' lang='lat' dir='ltr'><strong>si</strong></span> <span class='ocrx_word' id='word_1_110' title='bbox 613 2327 755 2393; x_wconf 91' lang='lat' dir='ltr'><strong>nondum</strong></span> <span class='ocrx_word' id='word_1_111' title='bbox 778 2329 950 2413; x_wconf 85' lang='lat' dir='ltr'><strong>rescripsit,</strong></span> <span class='ocrx_word' id='word_1_112' title='bbox 966 2330 1049 2394; x_wconf 88' lang='lat' dir='ltr'><strong>detis</strong></span> <span class='ocrx_word' id='word_1_113' title='bbox 1070 2351 1200 2415; x_wconf 87' lang='lat' dir='ltr'><strong>operam</strong></span> <span class='ocrx_word' id='word_1_114' title='bbox 1222 2340 1257 2393; x_wconf 91' lang='lat' dir='ltr'><strong>ut</strong></span> <span class='ocrx_word' id='word_1_115' title='bbox 1278 2324 1438 2392; x_wconf 88' lang='lat' dir='ltr'><strong>rescribat.</strong></span> 
     </span>
     <span class='ocr_line' id='line_1_17' title="bbox 489 2433 612 2495; baseline -0.024 0"><span class='ocrx_word' id='word_1_116' title='bbox 489 2433 612 2495; x_wconf 91' lang='lat' dir='ltr'><strong>Valete.</strong></span> 
     </span>
    </p>
   </div>
   <div class='ocr_carea' id='block_1_4' title="bbox 486 2700 1436 2887">
    <p class='ocr_par' dir='ltr' id='par_1_4' title="bbox 486 2700 1436 2887">
     <span class='ocr_line' id='line_1_18' title="bbox 486 2700 1436 2769; baseline -0.004 -2"><span class='ocrx_word' id='word_1_117' title='bbox 486 2703 629 2768; x_wconf 85' lang='lat' dir='ltr'><strong>EPIST.</strong></span> <span class='ocrx_word' id='word_1_118' title='bbox 666 2700 939 2769; x_wconf 67' lang='lat' dir='ltr'><strong>colim-ln</strong></span> <span class='ocrx_word' id='word_1_119' title='bbox 971 2720 1172 2767; x_wconf 80' lang='lat' dir='ltr'><strong>ussrsrnuu</strong></span> <span class='ocrx_word' id='word_1_120' title='bbox 1203 2719 1436 2766; x_wconf 77' lang='lat' dir='ltr'><strong>nsuauurruu.</strong></span> 
     </span>
     <span class='ocr_line' id='line_1_19' title="bbox 855 2805 1070 2887; baseline 0 -20"><span class='ocrx_word' id='word_1_121' title='bbox 855 2805 900 2885; x_wconf 76' lang='lat' dir='ltr'><strong>[s.</strong></span> <span class='ocrx_word' id='word_1_122' title='bbox 911 2824 942 2868; x_wconf 87' lang='lat' dir='ltr'><strong>u.</strong></span> <span class='ocrx_word' id='word_1_123' title='bbox 958 2805 1070 2887; x_wconf 75' lang='lat' dir='ltr'><strong>nea]</strong></span> 
     </span>
    </p>
   </div>
   <div class='ocr_carea' id='block_1_5' title="bbox 778 2940 1143 3023">
    <p class='ocr_par' dir='ltr' id='par_1_5' title="bbox 778 2940 1143 3023">
     <span class='ocr_line' id='line_1_20' title="bbox 778 2940 1143 3023; baseline 0 -20"><span class='ocrx_word' id='word_1_124' title='bbox 778 2940 939 3023; x_wconf 68' lang='lat' dir='ltr'><strong>Magistro</strong></span> <span class='ocrx_word' id='word_1_125' title='bbox 953 2940 1143 3004; x_wconf 78' lang='lat' dir='ltr'><strong>Laurentio.</strong></span> 
     </span>
    </p>
   </div>
   <div class='ocr_carea' id='block_1_6' title="bbox 484 3052 1470 4445">
    <p class='ocr_par' dir='ltr' id='par_1_6' title="bbox 484 3052 1470 4445">
     <span class='ocr_line' id='line_1_21' title="bbox 528 3052 1470 3138; baseline 0.003 -23"><span class='ocrx_word' id='word_1_126' title='bbox 528 3054 583 3116; x_wconf 84' lang='lat' dir='ltr'><strong>Ex</strong></span> <span class='ocrx_word' id='word_1_127' title='bbox 604 3053 803 3136; x_wconf 90' lang='lat' dir='ltr'><strong>inspectione</strong></span> <span class='ocrx_word' id='word_1_128' title='bbox 826 3052 1000 3114; x_wconf 88' lang='lat' dir='ltr'><strong>litterarum</strong></span> <span class='ocrx_word' id='word_1_129' title='bbox 1016 3063 1187 3115; x_wconf 88' lang='lat' dir='ltr'><strong>vestrarum</strong></span> <span class='ocrx_word' id='word_1_130' title='bbox 1210 3054 1304 3117; x_wconf 82' lang='lat' dir='ltr'><strong>loetus</strong></span> <span class='ocrx_word' id='word_1_131' title='bbox 1325 3055 1436 3138; x_wconf 87' lang='lat' dir='ltr'><strong>accepi</strong></span> <span class='ocrx_word' id='word_1_132' title='bbox 1468 3085 1470 3089; x_wconf 95' lang='lat'>·</span> 
     </span>
     <span class='ocr_line' id='line_1_22' title="bbox 486 3149 1438 3236; baseline 0.002 -21"><span class='ocrx_word' id='word_1_133' title='bbox 486 3150 572 3234; x_wconf 91' lang='lat' dir='ltr'><strong>quod</strong></span> <span class='ocrx_word' id='word_1_134' title='bbox 595 3152 723 3214; x_wconf 91' lang='lat' dir='ltr'><strong>domino</strong></span> <span class='ocrx_word' id='word_1_135' title='bbox 746 3151 910 3214; x_wconf 91' lang='lat' dir='ltr'><strong>Willelmo</strong></span> <span class='ocrx_word' id='word_1_136' title='bbox 934 3149 1083 3233; x_wconf 87' lang='lat' dir='ltr'><strong>Papiensi</strong></span> <span class='ocrx_word' id='word_1_137' title='bbox 1110 3153 1268 3233; x_wconf 80' lang='lat' dir='ltr'><strong>legatione</strong></span> <span class='ocrx_word' id='word_1_138' title='bbox 1292 3153 1438 3236; x_wconf 85' lang='lat' dir='ltr'><strong>fungenti</strong></span> 
     </span>
     <span class='ocr_line' id='line_1_23' title="bbox 486 3250 1438 3338; baseline 0.005 -25"><span class='ocrx_word' id='word_1_139' title='bbox 486 3250 707 3314; x_wconf 75' lang='lat' dir='ltr'><strong>adhaerebitis:</strong></span> <span class='ocrx_word' id='word_1_140' title='bbox 731 3273 791 3314; x_wconf 91' lang='lat' dir='ltr'><strong>nee</strong></span> <span class='ocrx_word' id='word_1_141' title='bbox 814 3252 927 3314; x_wconf 91' lang='lat' dir='ltr'><strong>dubito</strong></span> <span class='ocrx_word' id='word_1_142' title='bbox 950 3251 1028 3335; x_wconf 92' lang='lat' dir='ltr'><strong>quin</strong></span> <span class='ocrx_word' id='word_1_143' title='bbox 1052 3253 1144 3316; x_wconf 87' lang='lat' dir='ltr'><strong>vobis</strong></span> <span class='ocrx_word' id='word_1_144' title='bbox 1165 3261 1200 3316; x_wconf 86' lang='lat' dir='ltr'><strong>et</strong></span> <span class='ocrx_word' id='word_1_145' title='bbox 1221 3253 1316 3317; x_wconf 87' lang='lat' dir='ltr'><strong>nobis</strong></span> <span class='ocrx_word' id='word_1_146' title='bbox 1338 3252 1438 3338; x_wconf 86' lang='lat' dir='ltr'><strong>possit</strong></span> 
     </span>
     <span class='ocr_line' id='line_1_24' title="bbox 485 3349 1438 3439; baseline 0.006 -27"><span class='ocrx_word' id='word_1_147' title='bbox 485 3349 630 3412; x_wconf 87' lang='lat' dir='ltr'><strong>officiosa</strong></span> <span class='ocrx_word' id='word_1_148' title='bbox 659 3362 691 3413; x_wconf 89' lang='lat' dir='ltr'><strong>et</strong></span> <span class='ocrx_word' id='word_1_149' title='bbox 719 3350 806 3413; x_wconf 89' lang='lat' dir='ltr'><strong>utilis</strong></span> <span class='ocrx_word' id='word_1_150' title='bbox 834 3371 903 3414; x_wconf 88' lang='lat' dir='ltr'><strong>esse</strong></span> <span class='ocrx_word' id='word_1_151' title='bbox 934 3351 1130 3416; x_wconf 86' lang='lat' dir='ltr'><strong>familiaritas</strong></span> <span class='ocrx_word' id='word_1_152' title='bbox 1158 3352 1236 3438; x_wconf 87' lang='lat' dir='ltr'><strong>ejus.</strong></span> <span class='ocrx_word' id='word_1_153' title='bbox 1288 3355 1335 3418; x_wconf 88' lang='lat' dir='ltr'><strong>Et</strong></span> <span class='ocrx_word' id='word_1_154' title='bbox 1363 3354 1438 3439; x_wconf 91' lang='lat' dir='ltr'><strong>quia</strong></span> 
     </span>
     <span class='ocr_line' id='line_1_25' title="bbox 485 3450 1437 3540; baseline 0.006 -28"><span class='ocrx_word' id='word_1_155' title='bbox 485 3451 577 3513; x_wconf 85' lang='lat' dir='ltr'><strong>robis</strong></span> <span class='ocrx_word' id='word_1_156' title='bbox 591 3450 697 3513; x_wconf 90' lang='lat' dir='ltr'><strong>notius</strong></span> <span class='ocrx_word' id='word_1_157' title='bbox 712 3459 770 3528; x_wconf 89' lang='lat' dir='ltr'><strong>est,</strong></span> <span class='ocrx_word' id='word_1_158' title='bbox 785 3472 880 3534; x_wconf 87' lang='lat' dir='ltr'><strong>quam</strong></span> <span class='ocrx_word' id='word_1_159' title='bbox 895 3452 992 3515; x_wconf 86' lang='lat' dir='ltr'><strong>alicui</strong></span> <span class='ocrx_word' id='word_1_160' title='bbox 1006 3463 1160 3530; x_wconf 90' lang='lat' dir='ltr'><strong>nostrum,</strong></span> <span class='ocrx_word' id='word_1_161' title='bbox 1175 3455 1208 3517; x_wconf 92' lang='lat' dir='ltr'><strong>in</strong></span> <span class='ocrx_word' id='word_1_162' title='bbox 1225 3477 1289 3540; x_wconf 92' lang='lat' dir='ltr'><strong>quo</strong></span> <span class='ocrx_word' id='word_1_163' title='bbox 1305 3457 1437 3534; x_wconf 89' lang='lat' dir='ltr'><strong>calculo,</strong></span> 
     </span>
     <span class='ocr_line' id='line_1_26' title="bbox 486 3551 1437 3641; baseline 0.007 -28"><span class='ocrx_word' id='word_1_164' title='bbox 486 3559 642 3635; x_wconf 91' lang='lat' dir='ltr'><strong>quantum</strong></span> <span class='ocrx_word' id='word_1_165' title='bbox 664 3551 705 3615; x_wconf 87' lang='lat' dir='ltr'><strong>ad</strong></span> <span class='ocrx_word' id='word_1_166' title='bbox 726 3562 886 3631; x_wconf 84' lang='lat' dir='ltr'><strong>vestrates,</strong></span> <span class='ocrx_word' id='word_1_167' title='bbox 909 3574 1006 3618; x_wconf 88' lang='lat' dir='ltr'><strong>causa</strong></span> <span class='ocrx_word' id='word_1_168' title='bbox 1029 3565 1137 3618; x_wconf 89' lang='lat' dir='ltr'><strong>nostra</strong></span> <span class='ocrx_word' id='word_1_169' title='bbox 1152 3568 1303 3636; x_wconf 75' lang='lat' dir='ltr'><strong>versetur,</strong></span> <span class='ocrx_word' id='word_1_170' title='bbox 1325 3577 1437 3641; x_wconf 89' lang='lat' dir='ltr'><strong>precor</strong></span> 
     </span>
     <span class='ocr_line' id='line_1_27' title="bbox 486 3652 1437 3742; baseline 0.005 -26"><span class='ocrx_word' id='word_1_171' title='bbox 486 3653 636 3717; x_wconf 88' lang='lat' dir='ltr'><strong>attentius</strong></span> <span class='ocrx_word' id='word_1_172' title='bbox 651 3666 686 3716; x_wconf 90' lang='lat' dir='ltr'><strong>ut</strong></span> <span class='ocrx_word' id='word_1_173' title='bbox 697 3653 851 3737; x_wconf 87' lang='lat' dir='ltr'><strong>inspeetis</strong></span> <span class='ocrx_word' id='word_1_174' title='bbox 866 3655 999 3738; x_wconf 89' lang='lat' dir='ltr'><strong>hisquae</strong></span> <span class='ocrx_word' id='word_1_175' title='bbox 1011 3652 1143 3719; x_wconf 92' lang='lat' dir='ltr'><strong>domino</strong></span> <span class='ocrx_word' id='word_1_176' title='bbox 1155 3657 1312 3742; x_wconf 85' lang='lat' dir='ltr'><strong>episcopo</strong></span> <span class='ocrx_word' id='word_1_177' title='bbox 1323 3657 1437 3742; x_wconf 89' lang='lat' dir='ltr'><strong>scripsi</strong></span> 
     </span>
     <span class='ocr_line' id='line_1_28' title="bbox 486 3754 1436 3839; baseline 0.005 -23"><span class='ocrx_word' id='word_1_178' title='bbox 486 3763 518 3816; x_wconf 91' lang='lat' dir='ltr'><strong>et</strong></span> <span class='ocrx_word' id='word_1_179' title='bbox 527 3754 675 3834; x_wconf 87' lang='lat' dir='ltr'><strong>magistro</strong></span> <span class='ocrx_word' id='word_1_180' title='bbox 687 3755 877 3833; x_wconf 88' lang='lat' dir='ltr'><strong>scholarum,</strong></span> <span class='ocrx_word' id='word_1_181' title='bbox 891 3756 977 3839; x_wconf 89' lang='lat' dir='ltr'><strong>quod</strong></span> <span class='ocrx_word' id='word_1_182' title='bbox 993 3778 1097 3821; x_wconf 83' lang='lat' dir='ltr'><strong>causae</strong></span> <span class='ocrx_word' id='word_1_183' title='bbox 1108 3770 1225 3822; x_wconf 80' lang='lat' dir='ltr'><strong>nostrae</strong></span> <span class='ocrx_word' id='word_1_184' title='bbox 1237 3757 1436 3828; x_wconf 84' lang='lat' dir='ltr'><strong>credideritis</strong></span> 
     </span>
     <span class='ocr_line' id='line_1_29' title="bbox 486 3852 1436 3941; baseline 0.007 -23"><span class='ocrx_word' id='word_1_185' title='bbox 486 3852 636 3936; x_wconf 84' lang='lat' dir='ltr'><strong>expedire</strong></span> <span class='ocrx_word' id='word_1_186' title='bbox 651 3877 707 3938; x_wconf 92' lang='lat' dir='ltr'><strong>per</strong></span> <span class='ocrx_word' id='word_1_187' title='bbox 720 3858 853 3920; x_wconf 87' lang='lat' dir='ltr'><strong>latorem</strong></span> <span class='ocrx_word' id='word_1_188' title='bbox 865 3858 1070 3941; x_wconf 81' lang='lat' dir='ltr'><strong>praesentium</strong></span> <span class='ocrx_word' id='word_1_189' title='bbox 1085 3860 1278 3924; x_wconf 85' lang='lat' dir='ltr'><strong>rescribatis.</strong></span> <span class='ocrx_word' id='word_1_190' title='bbox 1310 3861 1436 3925; x_wconf 89' lang='lat' dir='ltr'><strong>Dicitur</strong></span> 
     </span>
     <span class='ocr_line' id='line_1_30' title="bbox 485 3957 1433 4046; baseline 0.004 -27"><span class='ocrx_word' id='word_1_191' title='bbox 485 3965 591 4019; x_wconf 88' lang='lat' dir='ltr'><strong>autem</strong></span> <span class='ocrx_word' id='word_1_192' title='bbox 607 3957 694 4039; x_wconf 90' lang='lat' dir='ltr'><strong>quod</strong></span> <span class='ocrx_word' id='word_1_193' title='bbox 709 3957 892 4040; x_wconf 89' lang='lat' dir='ltr'><strong>hujusmodi</strong></span> <span class='ocrx_word' id='word_1_194' title='bbox 912 3959 1010 4042; x_wconf 83' lang='lat' dir='ltr'><strong>legati</strong></span> <span class='ocrx_word' id='word_1_195' title='bbox 1025 3960 1184 4023; x_wconf 88' lang='lat' dir='ltr'><strong>neminem</strong></span> <span class='ocrx_word' id='word_1_196' title='bbox 1198 3962 1344 4046; x_wconf 88' lang='lat' dir='ltr'><strong>recipere</strong></span> <span class='ocrx_word' id='word_1_197' title='bbox 1360 3982 1433 4025; x_wconf 88' lang='lat' dir='ltr'><strong>eon·</strong></span> 
     </span>
     <span class='ocr_line' id='line_1_31' title="bbox 485 4054 1435 4144; baseline 0.004 -27"><span class='ocrx_word' id='word_1_198' title='bbox 485 4054 642 4117; x_wconf 85' lang='lat' dir='ltr'><strong>sueverint</strong></span> <span class='ocrx_word' id='word_1_199' title='bbox 655 4056 689 4117; x_wconf 90' lang='lat' dir='ltr'><strong>in</strong></span> <span class='ocrx_word' id='word_1_200' title='bbox 704 4057 886 4120; x_wconf 90' lang='lat' dir='ltr'><strong>ulteriorem</strong></span> <span class='ocrx_word' id='word_1_201' title='bbox 901 4055 1015 4121; x_wconf 86' lang='lat' dir='ltr'><strong>domus</strong></span> <span class='ocrx_word' id='word_1_202' title='bbox 1031 4080 1096 4122; x_wconf 81' lang='lat' dir='ltr'><strong>snae</strong></span> <span class='ocrx_word' id='word_1_203' title='bbox 1112 4054 1370 4140; x_wconf 84' lang='lat' dir='ltr'><strong>familiaritatem,</strong></span> <span class='ocrx_word' id='word_1_204' title='bbox 1381 4059 1435 4144; x_wconf 93' lang='lat' dir='ltr'><strong>qui</strong></span> 
     </span>
     <span class='ocr_line' id='line_1_32' title="bbox 484 4154 1435 4226; baseline 0.007 -10"><span class='ocrx_word' id='word_1_205' title='bbox 484 4175 548 4216; x_wconf 91' lang='lat' dir='ltr'><strong>non</strong></span> <span class='ocrx_word' id='word_1_206' title='bbox 572 4154 620 4217; x_wconf 89' lang='lat' dir='ltr'><strong>eis</strong></span> <span class='ocrx_word' id='word_1_207' title='bbox 642 4155 683 4218; x_wconf 92' lang='lat' dir='ltr'><strong>de</strong></span> <span class='ocrx_word' id='word_1_208' title='bbox 706 4155 891 4221; x_wconf 89' lang='lat' dir='ltr'><strong>exhibenda</strong></span> <span class='ocrx_word' id='word_1_209' title='bbox 912 4157 1066 4223; x_wconf 87' lang='lat' dir='ltr'><strong>fidelitate</strong></span> <span class='ocrx_word' id='word_1_210' title='bbox 1088 4171 1121 4224; x_wconf 91' lang='lat' dir='ltr'><strong>et</strong></span> <span class='ocrx_word' id='word_1_211' title='bbox 1141 4160 1206 4223; x_wconf 86' lang='lat' dir='ltr'><strong>fide</strong></span> <span class='ocrx_word' id='word_1_212' title='bbox 1229 4162 1389 4226; x_wconf 81' lang='lat' dir='ltr'><strong>servanda</strong></span> <span class='ocrx_word' id='word_1_213' title='bbox 1404 4170 1435 4224; x_wconf 92' lang='lat' dir='ltr'><strong>et</strong></span> 
     </span>
     <span class='ocr_line' id='line_1_33' title="bbox 485 4254 1435 4344; baseline 0.003 -25"><span class='ocrx_word' id='word_1_214' title='bbox 485 4254 687 4320; x_wconf 89' lang='lat' dir='ltr'><strong>occultandis</strong></span> <span class='ocrx_word' id='word_1_215' title='bbox 701 4258 831 4321; x_wconf 89' lang='lat' dir='ltr'><strong>secretis</strong></span> <span class='ocrx_word' id='word_1_216' title='bbox 845 4260 1028 4342; x_wconf 85' lang='lat' dir='ltr'><strong>praestiterit</strong></span> <span class='ocrx_word' id='word_1_217' title='bbox 1037 4261 1227 4344; x_wconf 86' lang='lat' dir='ltr'><strong>juratoriam</strong></span> <span class='ocrx_word' id='word_1_218' title='bbox 1243 4264 1435 4327; x_wconf 86' lang='lat' dir='ltr'><strong>cautionem.</strong></span> 
     </span>
     <span class='ocr_line' id='line_1_34' title="bbox 485 4358 1435 4445; baseline 0.014 -24"><span class='ocrx_word' id='word_1_219' title='bbox 485 4360 524 4422; x_wconf 91' lang='lat' dir='ltr'><strong>ln</strong></span> <span class='ocrx_word' id='word_1_220' title='bbox 547 4379 612 4442; x_wconf 92' lang='lat' dir='ltr'><strong>quo</strong></span> <span class='ocrx_word' id='word_1_221' title='bbox 635 4358 765 4441; x_wconf 91' lang='lat' dir='ltr'><strong>quidem</strong></span> <span class='ocrx_word' id='word_1_222' title='bbox 789 4361 923 4424; x_wconf 90' lang='lat' dir='ltr'><strong>articulo</strong></span> <span class='ocrx_word' id='word_1_223' title='bbox 946 4361 1152 4427; x_wconf 88' lang='lat' dir='ltr'><strong>dilectionem</strong></span> <span class='ocrx_word' id='word_1_224' title='bbox 1169 4375 1318 4445; x_wconf 87' lang='lat' dir='ltr'><strong>vestram,</strong></span> <span class='ocrx_word' id='word_1_225' title='bbox 1333 4365 1361 4430; x_wconf 90' lang='lat' dir='ltr'><strong>si</strong></span> <span class='ocrx_word' id='word_1_226' title='bbox 1377 4364 1435 4434; x_wconf 81' lang='lat' dir='ltr'><strong>tale</strong></span> 
     </span>
    </p>
   </div>
   <div class='ocr_carea' id='block_1_7' title="bbox 0 0 1696 5525">
    <p class='ocr_par' dir='ltr' id='par_1_7' title="bbox 0 0 1696 5525">
     <span class='ocr_line' id='line_1_35' title="bbox 0 0 1696 5525; baseline 0 0"><span class='ocrx_word' id='word_1_227' title='bbox 0 0 1696 5525; x_wconf 95' lang='lat' dir='ltr'><strong> </strong></span> 
     </span>
    </p>
   </div>
  </div>
 </body>
</html>
