3384 5525
387 766 496 846 llos]
778 785 956 832 EPISTOLAE.
1273 777 1335 837 178

380 932 516 1017 gloriam
531 934 679 1000 exhibuit
692 935 726 999 in
741 935 835 1000 domo
850 958 907 999 sna
920 935 1102 1000 dolentibus
1117 948 1150 1002 et
1164 937 1335 1002 detrahen-

379 1037 465 1102 tibus
480 1036 601 1115 multis,
621 1039 724 1103 donec
738 1037 869 1103 alterius
886 1036 1045 1122 pontificis
1066 1038 1268 1103 miseratione
1284 1062 1334 1104 re-

380 1138 589 1203 stitueretur?
618 1144 689 1219 Quo
715 1139 845 1205 evanuit
867 1151 966 1204 tantae
992 1140 1167 1204 nobilitatis
1189 1140 1334 1225 insigne?

380 1260 454 1326 qnoe
477 1240 569 1305 nobis
583 1264 604 1305 a
624 1242 816 1308 nostratibus
838 1242 923 1307 bona
944 1242 995 1306 vel
1017 1242 1102 1306 mala
1123 1243 1221 1309 fiunt:
1252 1256 1286 1308 et
1307 1244 1333 1307 si

379 1364 519 1429 praesens
543 1361 621 1410 aetas
646 1349 764 1411 mutire
790 1368 853 1410 non
881 1347 1008 1421 audeat,
1032 1346 1140 1411 futura
1164 1348 1196 1410 in
1226 1370 1332 1412 aevum

378 1445 486 1510 secula
500 1447 727 1513 decantabunt.
773 1451 843 1512 Nee
866 1448 925 1512 sub
940 1460 1098 1533 praetextu
1115 1450 1194 1533 justi
1217 1464 1332 1532 metus,

378 1548 495 1632 poterit
505 1548 576 1635 quis
590 1549 739 1614 fraternae
751 1550 890 1614 caritatis
905 1550 1044 1615 colorare
1055 1550 1231 1616 defectum:
1256 1552 1332 1638 quia

377 1670 451 1736 quoe
465 1651 573 1737 palam
588 1651 672 1716 faeta
687 1655 782 1738 plena
804 1652 952 1716 videntur
966 1676 1034 1718 esse
1056 1654 1216 1738 periculo:
1246 1654 1329 1720 clam

377 1751 445 1816 fiori
460 1764 612 1840 poterunt
630 1756 743 1840 majori
758 1756 949 1842 compendio
971 1756 1184 1836 conscientiae,
1199 1779 1258 1821 nee
1282 1779 1330 1821 re-

377 1876 446 1921 rum
461 1855 592 1943 aliquod
607 1858 810 1944 dispendium
826 1858 1052 1944 importabunt.
1085 1858 1159 1932 Qua
1173 1869 1240 1921 arte
1255 1859 1329 1923 satis

378 1957 473 2035 novit,
505 1959 647 2046 quisquis
676 1983 739 2026 non
776 1971 825 2025 est
853 1960 933 2025 adeo
966 1961 1131 2045 resupinus
1161 1972 1197 2023 ut
1225 1959 1329 2025 nullos

376 2070 521 2144 sumptus
535 2060 631 2126 faciat
646 2085 721 2147 rege
738 2062 854 2138 nescio,
870 2067 921 2127 vel
944 2061 1011 2126 sine
1032 2061 1225 2126 conscientia
1239 2061 1328 2126 dela-

377 2170 489 2228 torum.

404 2405 627 2469 EPISTOLA
650 2408 918 2471 conavi-n>
940 2428 1147 2472 urrnnanuuu
1172 2428 1297 2471 unum-

539 2526 672 2571 cnusuu
688 2529 887 2574 EPISCOPUM.
938 2509 982 2588 [n.
999 2530 1031 2574 n.
1050 2510 1158 2589 llos]

518 2662 607 2725 Idem
628 2661 784 2726 Willelmo
797 2663 999 2727 Norwicensi
1014 2664 1182 2743 Episcopo.

415 2779 715 2844 lusanmssmnan
730 2780 833 2862 officii,
850 2780 937 2866 quod
955 2803 1004 2842 me
1020 2778 1108 2842 vobis
1121 2778 1235 2842 debere
1250 2802 1323 2864 pro-

370 2879 471 2960 fiteor,
486 2881 609 2946 inducit
631 2882 808 2957 necessitas,
828 2905 891 2945 non
910 2894 1120 2963 contemptus.
1167 2880 1322 2944 Voluntas

370 2981 450 3045 euim
478 2983 608 3047 obedire
632 2998 744 3069 parata
771 2998 829 3060 cst,
855 2986 881 3046 si
907 2982 1093 3066 obsequium
1119 2980 1321 3045 decreveritis

370 3081 610 3148 admittendum.
657 3085 719 3148 Sed
736 3084 866 3148 fortasse
882 3106 939 3168 pro
956 3096 1096 3166 tempore
1111 3079 1318 3165 dispensatis:

369 3196 409 3259 et,
425 3183 504 3248 dum
524 3184 615 3246 furor
632 3184 666 3246 in
687 3207 783 3247 eursu
799 3198 859 3263 est,
873 3183 1064 3245 credendum
1082 3182 1188 3266 potius
1203 3181 1320 3246 ducitis

370 3307 463 3369 quam
477 3284 709 3348 reluctandum.
747 3289 816 3348 Nec
828 3309 887 3369 ego
899 3283 1059 3348 consilium
1073 3283 1218 3369 improbo
1230 3284 1317 3368 quod

369 3387 447 3450 ratio
462 3386 642 3471 prudentiae
659 3386 852 3460 moderatur,
875 3399 911 3450 ut
934 3385 1064 3449 utilitati
1088 3385 1270 3470 prospiciat,
1287 3399 1318 3450 et

368 3506 426 3548 non
437 3485 562 3550 deserat
572 3485 781 3549 honestatem.
827 3487 987 3548 Caeterum
998 3507 1055 3569 per
1064 3483 1198 3568 gratiam
1212 3486 1273 3548 Dei
1286 3485 1317 3548 iu

367 3586 451 3653 brevi
465 3588 614 3651 futurum
631 3600 689 3665 est,
714 3600 751 3651 ut
767 3589 826 3651 hac
841 3588 1072 3672 dispensatione
1092 3609 1153 3648 non
1169 3587 1209 3650 sit
1225 3609 1316 3672 opus,

367 3687 439 3773 quia
447 3686 589 3774 procella
595 3689 663 3774 jam
674 3687 847 3764 detumuit,
858 3702 889 3750 et
900 3686 1036 3749 ecclesiae
1044 3708 1106 3770 pax
1117 3687 1318 3752 essevidetur

366 3789 396 3852 in
404 3790 524 3876 januis.
548 3795 586 3855 In
600 3794 745 3875 proximo
758 3801 816 3864 est,
827 3802 956 3851 auctore
970 3791 1049 3861 Deo,
1058 3801 1093 3850 ut
1105 3788 1192 3872 quod
1204 3787 1318 3875 loquor

365 3891 488 3976 plenius
503 3892 688 3957 innotescat.
734 3891 910 3955 Laboravit
925 3893 1040 3954 Petrus
1055 3904 1086 3952 et
1108 3891 1316 3977 condiscipuli

364 3993 394 4057 in
422 3994 621 4079 remigando,
643 4016 780 4078 quorum
812 4015 894 4056 unus
916 4005 963 4054 est
994 3991 1142 4054 dominus
1165 3994 1315 4058 Cantuar.

363 4097 427 4182 qui,
441 4097 508 4161 suis
527 4097 634 4160 adhuc
656 4108 710 4160 aut
726 4094 830 4178 gentis
845 4094 955 4158 alienae
978 4093 1145 4179 stipendiis
1165 4094 1314 4172 militans,

364 4203 460 4262 totius
472 4198 662 4282 Anglicanae
675 4197 813 4261 ecclesiae
830 4199 926 4261 servit
941 4197 1083 4259 utilitati.
1114 4197 1195 4258 Nam
1212 4220 1314 4280 quum

363 4298 547 4376 obtinuerit,
564 4300 756 4363 redundabit
773 4298 804 4360 in
820 4298 952 4381 gloriam
977 4297 1048 4361 Dei.
1096 4296 1313 4381 Triumphum

361 4414 572 4484 consequetur
593 4399 734 4476 ecclesia,
754 4398 858 4462 clerus
880 4399 1107 4475 liberationem,
1128 4410 1159 4458 ct
1176 4397 1313 4481 populus
