3384 5525
385 800 445 858 168
642 808 779 853 soanms
793 806 1069 853 saansnnmuusis
1242 790 1288 869 [n.
1305 811 1335 854 n.

383 976 415 1027 et
430 961 594 1047 exquisitis
605 960 807 1047 juramentis,
817 957 904 1043 quod
921 958 1038 1035 omnia,
1050 982 1124 1043 quae
1136 959 1211 1022 inde
1227 983 1332 1046 perce·

383 1076 484 1148 perat,
508 1063 582 1127 solis
606 1062 745 1126 ecclesiis
771 1073 802 1125 et
831 1060 926 1124 etiam
954 1060 1150 1146 pauperibus
1179 1063 1331 1147 erogavit.

384 1165 446 1229 Sed
462 1165 522 1227 hoc
537 1164 645 1228 credat
660 1165 683 1226 J
686 1162 798 1227 udaeus
814 1161 943 1246 Apella,
959 1185 1022 1225 non
1041 1186 1110 1248 ego.
1158 1164 1334 1228 Cardinalis

381 1282 486 1332 antem
514 1266 696 1340 subintulit,
721 1265 807 1350 quod
833 1264 893 1327 nisi
916 1264 978 1327 alio
1003 1278 1114 1329 utatur
1136 1266 1279 1342 consilio,
1301 1280 1331 1331 et

382 1393 453 1433 cum
478 1369 620 1432 Ecclesia
644 1369 706 1432 Dei
729 1367 837 1430 mitius
862 1379 947 1451 agat,
969 1366 1075 1430 omnia
1098 1367 1276 1433 districtius
1301 1380 1331 1432 et

381 1471 475 1535 citius
490 1493 586 1555 quam
602 1469 721 1544 credat,
733 1468 773 1532 ab
789 1468 844 1531 illo
859 1472 1024 1553 requirent
1041 1469 1131 1531 Deus
1142 1483 1174 1533 et
1191 1469 1331 1533 Ecclesia

381 1572 459 1655 ejus.
505 1576 549 1635 Et
565 1572 609 1634 sic
624 1582 753 1655 accepta
767 1570 895 1633 licentia
916 1570 957 1632 ab
972 1593 1010 1633 eo
1026 1570 1163 1633 recessit.
1209 1569 1331 1635 Deinde

380 1673 526 1739 convenit
543 1696 615 1736 eum
633 1671 817 1735 Willelmus
842 1670 1006 1756 Papiensis
1023 1694 1060 1735 eo
1075 1671 1141 1734 fere
1156 1672 1263 1753 modo,
1278 1671 1332 1736 sed

381 1797 485 1837 semen
501 1774 587 1837 verbi
602 1775 671 1858 ejus
686 1772 800 1836 cecidit
817 1774 850 1836 in
866 1794 1002 1836 arenam.
1042 1772 1208 1836 Facientes
1222 1786 1328 1837 autern

380 1876 549 1940 transitum
565 1897 622 1960 per
638 1874 945 1940 Christianissimum
967 1896 1073 1957 regem
1093 1873 1235 1938 Franciae
1252 1874 1330 1938 redi-

379 1992 473 2040 erunt
496 1979 528 2039 in
551 1977 685 2059 gratiam
708 1976 788 2059 ejus,
813 1975 1098 2039 intervenientibus
1120 1976 1233 2060 pactis,
1255 1998 1329 2062 quae

378 2078 468 2141 vobis
483 2078 597 2140 harum
615 2076 741 2161 bajulus
756 2076 927 2140 intimabit.
971 2076 1184 2140 Pictavienses
1199 2075 1331 2143 viriliter

378 2188 490 2264 agunt,
504 2193 536 2243 et
551 2180 783 2254 confortantur,
799 2177 906 2241 omnia
925 2178 1018 2262 longe
1043 2177 1169 2266 lateque
1188 2178 1331 2265 depopu-

379 2281 479 2344 lantes
494 2281 524 2343 in
541 2280 676 2344 circuitu
694 2301 761 2342 suo.

386 2488 605 2551 uPtSTOLA
630 2487 885 2550 ccnxrr-ao
901 2504 1054 2549 aunuum.
1104 2486 1188 2565 [an.
1208 2486 1317 2565 ilua]

560 2644 600 2704 B.
616 2643 845 2705 archidiacono
861 2643 1041 2704 anniensi
1055 2642 1089 2703 J.
1106 2642 1142 2705 S.

419 2775 682 2836 Lruuaamrams
709 2780 773 2831 tuac
801 2767 977 2851 diligentia,
1003 2767 1205 2831 dilectissime
1233 2767 1328 2831 Bald-

376 2873 465 2947 wine,
486 2871 668 2935 meritorum
692 2870 859 2934 sedulitate
883 2883 1033 2954 procurat
1055 2883 1093 2934 ut
1115 2871 1224 2933 eadem
1249 2869 1326 2933 mihi

375 2999 498 3060 semper
513 2987 657 3038 occurrat
674 2972 805 3036 materia
821 2972 1020 3056 scriptitandi
1040 2996 1113 3058 quae
1128 2973 1273 3036 consistit
1296 2972 1327 3035 in

374 3079 498 3142 actione
518 3075 703 3160 gratiarum.
750 3074 918 3138 Beneficiis
933 3077 1015 3138 enim
1040 3074 1198 3139 continuis
1220 3086 1327 3159 grates

374 3191 498 3262 oportet
514 3177 565 3260 agi
582 3191 752 3262 perpetuas
767 3189 799 3240 et
822 3176 998 3239 devotionis
1014 3198 1130 3240 munus
1153 3177 1240 3260 quod
1265 3199 1325 3240 usu

373 3279 500 3341 retineri
524 3299 586 3339 non
609 3291 724 3361 potest,
745 3278 839 3341 debet
863 3277 1043 3363 accipientis
1065 3277 1225 3344 memoriae
1246 3278 1326 3341 inse-

371 3378 555 3464 parabiliter
577 3378 708 3441 couniri.
755 3383 829 3442 Hoc
852 3395 899 3443 est
923 3379 1009 3465 quod
1032 3379 1157 3444 interim
1181 3402 1324 3464 possum,

371 3493 542 3564 expectans
552 3493 583 3542 et
595 3479 813 3543 indubitanter
828 3503 987 3565 speransa
1003 3481 1142 3544 Domino
1157 3480 1243 3567 quod
1260 3504 1323 3566 pax

370 3580 508 3644 ecclesiae
534 3580 759 3646 reformabitur
784 3581 879 3646 citius
901 3605 998 3669 quam
1021 3583 1173 3668 suspicari
1200 3585 1321 3668 possint

370 3683 541 3747 adversarii
563 3684 640 3768 ejus,
657 3696 687 3747 et
711 3684 798 3769 quod
822 3707 880 3748 nos
899 3685 1043 3749 debitum
1068 3698 1099 3749 et
1123 3684 1180 3748 diu
1203 3684 1324 3748 deside-

369 3797 472 3848 ratum
488 3784 583 3848 officii
606 3786 828 3849 commercium
852 3786 892 3849 ad
916 3785 1051 3849 invicem
1073 3789 1249 3871 poterimus
1269 3808 1324 3849 ex·

368 3909 482 3949 ercere.
529 3889 596 3950 Nec
612 3887 765 3950 movearis
780 3886 822 3950 ad
844 3887 967 3951 litteras
989 3910 1068 3972 quas
1091 3899 1202 3950 contra
1224 3884 1324 3949 eccle·

368 3988 445 4051 siam
462 3986 558 4051 emuli
570 3987 639 4069 ejus
649 4011 668 4050 a
680 3987 753 4051 sede
768 3988 951 4073 Apostolica
961 3989 1113 4074 jactitant
1125 3988 1321 4072 impetratas,

368 4089 444 4174 quia
459 4092 530 4152 Deo
549 4087 743 4172 propitiante
764 4089 795 4151 in
820 4090 967 4174 proximo
989 4090 1161 4154 auditurus
1185 4113 1219 4154 es
1241 4087 1320 4174 quid

365 4204 513 4273 ageretur
528 4200 560 4251 et
582 4189 737 4272 gaudebit
753 4213 807 4253 cor
823 4203 927 4254 tuum.
973 4191 1089 4254 Aderit
1114 4193 1319 4254 moerentium

363 4289 551 4368 consolator,
563 4302 594 4354 et
607 4313 687 4374 quos
697 4290 873 4356 obstinatos
886 4291 1053 4369 invenerit,
1065 4291 1240 4375 majestatis
1251 4312 1316 4352 suae

363 4393 482 4456 virtute
499 4403 652 4468 conteret,
669 4405 700 4456 et
716 4406 879 4458 exseretur
896 4394 928 4455 in
952 4394 1086 4457 cervices
1109 4390 1317 4458 contumacia
