3384 5525
740 761 958 840 11⁷0.]
1507 775 1865 819 EmsronAE.
2517 762 2634 820 ‘231

796 1030 1248 1095 EPISTOLA
1298 1027 1834 1093 coxon—An
1864 1047 2273 1093 coNvENTUM
2307 1048 2552 1093 emro-

1240 1148 1606 1193 [immissu.
1696 1130 1782 1209 [A.
1819 1150 1882 1191 n.
1920 1134 2139 1207 11⁷0.]

725 1282 1181 1347 Dilectissimis
1219 1279 1553 1362 fratribus
1610 1288 1672 1341 et
1731 1280 1956 1342 amieis
1996 1281 2370 1357 carissimis,
2413 1284 2528 1362 qui
2569 1283 2643 1344 in

808 1392 1045 1446 saneta
1109 1380 1578 1445 cantuariensi
1619 1380 1876 1443 ecclesia
1935 1383 2305 1462 con9·regati
2345 1391 2522 1461 sunt,
2580 1389 2643 1445 et

805 1486 995 1566 piam
1052 1486 1329 1563 sapiunt
1398 1484 1714 1544 unitatem
1776 1482 2281 1562 proscriptorum
2343 1486 2642 1546 minimus

812 1584 1096 1648 Joannes
1124 1586 1203 1647 de
1230 1583 1484 1648 Saresb.
1516 1604 1755 1665 semper
1782 1603 1993 1645 coram
2008 1584 2190 1664 facie
2217 1605 2342 1646 sua
2355 1584 2642 1667 feliciter

814 1686 1176 1752 ambulare.

817 1826 1108 1896 AEQUUM
1124 1836 1245 1900 est,
1269 1820 1687 1899 dilectissimi,
1712 1843 1810 1884 me
1833 1819 1915 1884 de
1946 1822 2170 1886 vestris
2193 1822 2475 1907 gaudere
2495 1846 2640 1908 pro-

728 1928 1031 2003 fectibuS,
1061 1924 1306 1989 anxiari
1336 1922 1659 2010 periculiS,
1692 1924 1943 1987 damnis
1969 1937 2032 1987 et
2065 1923 2314 2009 injuriis
2343 1924 2641 2009 compati,

731 2043 821 2107 et,
850 2041 1169 2115 quantum
1205 2025 1569 2091 Christiano
1601 2024 1768 2099 licet,
1795 2028 1847 2089 si
1870 2024 2034 2089 forte
2056 2025 2229 2111 quod
2251 2025 2414 2091 absit
2438 2026 2642 2091 immi-

730 2143 879 2195 neat
909 2127 1257 2193 exanimari
1290 2125 1564 2190 defectu.
1644 2125 1902 2211 Lugere
1924 2126 2015 2211 siq
2027 2125 2239 2191 uidem
2274 2150 2493 2212 parum
2525 2140 2643 2209 est,

730 2230 903 2317 quod
936 2230 1127 2294 etiarn
1158 2232 1221 2293 in
1255 2227 1531 2291 hostium
1575 2248 1802 2289 occasu
1836 2227 2048 2311 justos
2089 2227 2191 2312 pie
2221 2228 2441 2292 fecisse
2471 2251 2642 2292 reco-

733 2332 949 2407 limus,
981 2352 1184 2416 quum
1218 2327 1503 2392 caritatis
1547 2326 1756 2391 virtus
1802 2328 2086 2392 extincta
2119 2330 2398 2414 Spiritus
2441 2330 2640 2395 sancti

730 2444 1130 2520 protestetur
1174 2452 1490 2493 occasum.
1582 2430 1788 2514 Cujus
1831 2429 2026 2494 funus
2069 2452 2193 2493 non
2224 2444 2317 2495 est
2348 2433 2644 2517 perfunc-

733 2534 913 2600 toriis
948 2531 1311 2617 lachrymis„
1342 2552 1468 2593 non
1510 2543 1607 2596 est
1651 2531 1921 2613 gemitu,
1955 2545 2066 2595 aut
2106 2531 2322 2596 dolore
2365 2556 2642 2614 momen-

735 2648 924 2701 taneo
975 2631 1529 2721 persequendum:
1593 2632 1703 2695 sed
1750 2633 1883 2696 vita
1926 2655 2042 2718 per
2091 2633 2529 2719 poenitentiam
2577 2647 2643 2701 et

732 2738 1020 2803 fruct-um
1054 2735 1365 2800 bonorum
1397 2756 1661 2821 operum
1696 2735 2038 2799 instantius
2061 2735 2430 2822 reparanda.
2507 2740 2644 2802 Nec

734 2852 988 2905 moveat
1017 2837 1070 2901 si
1103 2837 1418 2922 Spiritum
1460 2849 1771 2917 sanctum,
1800 2838 1913 2922 qui
1937 2838 2362 2921 proculdubio
2390 2839 2645 2900 immor.

736 2941 884 3008 talis
913 2952 1009 3004 est
1041 2953 1106 3003 et
1135 2939 1322 3003 beata
1357 2937 1489 3002 vita
1519 2939 1872 3024 justorum,
1907 2939 2150 3002 dictum
2193 2951 2287 3002 est
2317 2938 2381 3001 in
2414 2939 2645 3024 aliqui-

736 3045 861 3111 bus
888 3040 1169 3115 interire,
1200 3062 1401 3124 quum
1442 3040 1713 3105 Paulum
1756 3038 2090 3103 audieritis
2133 3039 2468 3120 dicentem,
2499 3040 2644 3126 Spi-

736 3145 930 3210 ritum
990 3141 1184 3206 nolite
1228 3142 1629 3227 extinguere,
1676 3141 2044 3227 prophetias
2078 3141 2281 3205 'nolite
2327 3164 2642 3227 spernere.

735 3250 828 3313 Et
860 3244 1105 3311 utinam
1145 3241 1493 3307 efficialiter
1533 3243 1895 3320 audissetiS,
1926 3243 2102 3329 quod
2136 3257 2208 3308 ut
2239 3247 2488 3329 sapiens
2517 3267 2646 3308 me-

737 3346 947 3426 minit,
998 3366 1123 3408 non
1170 3343 1497 3408 auditores
1551 3343 1754 3420 verbi,
1804 3344 1913 3407 sed
1962 3344 2232 3408 factores
2281 3346 2441 3431 justi
2495 3360 2645 3412 sunt

737 3448 915 3535 apud
948 3450 1178 3512 Deum.
1269 3449 1499 3531 Neque
1540 3447 1677 3512 haec
1707 3446 1773 3510 in
1805 3446 2319 3532 suggillationem
2362 3448 2642 3513 omnium

741 3564 1023 3616 vestrum
1055 3548 1227 3612 dicta
1265 3548 1629 3629 credantur,
1658 3550 1814 3634 quia
1858 3551 2136 3634 Spiritus
2174 3565 2429 3615 sanctus
2469 3553 2649 3616 testis

739 3665 857 3731 est,
885 3650 1062 3736 quod
1093 3673 1171 3713 ex
1218 3650 1484 3715 caritate
1528 3650 1744 3736 potius
1788 3674 1981 3736 quam
2027 3651 2133 3715 ille
2179 3652 2351 3716 solus
2380 3651 2648 3738 inspirat

740 3754 856 3838 qui
885 3750 1114 3816 caritas
1135 3764 1255 3827 est,
1277 3750 1528 3837 prolata
1550 3763 1724 3829 sunt,
1748 3775 1942 3838 quam
1966 3752 2032 3816 in
2055 3752 2327 3839 alicujus
2349 3753 2649 3840 injuriam

743 3851 1111 3917 Christiani.
1205 3851 1389 3916 Licet
1418 3851 1668 3938 aliquos
1698 3852 1779 3916 de
1810 3875 2074 3916 numero
2103 3867 2380 3917 vestrum
2414 3878 2530 3940 pro
2558 3857 2654 3920 in-

734 3954 912 4039 juria
946 3952 1225 4038 Spiritus
1253 3967 1315 4018 et
1348 3953 1647 4018 fraternae
1694 3955 1976 4019 car-itatis
2013 3954 2389 4020 exterminio
2407 3958 2559 4043 jure
2588 3970 2654 4024 et

744 4055 973 4119 merito
1002 4076 1080 4117 ne
1113 4067 1397 4138 pereant,
1422 4054 1533 4119 sed
1566 4055 1907 4120 salubriter
1935 4056 2433 4134 confundantur,
2453 4059 2656 4123 credi-

742 4156 945 4220 derim
969 4155 1348 4240 arguendos
1396 4156 1675 4223 Evolvat
1698 4159 2057 4245 unusquisq
2067 4181 2146 4222 ue
2164 4170 2228 4223 et
2249 4156 2490 4242 relegat
2511 4182 2658 4245 pro-

743 4255 1309 4343 priaeconscientiae
1328 4255 1597 4321 librum:
1632 4257 1694 4321 in
1709 4259 2047 4344 ambiguis,
2061 4259 2112 4322 si
2127 4282 2256 4346 qua
2278 4259 2660 4335 sunt,inter.

746 4371 991 4442 pretem
1016 4370 1265 4441 quaerat
1285 4371 1351 4422 et
1374 4357 1624 4424 invocet
1646 4358 1982 4444 Spiritum,
2000 4372 2315 4436 sanctum,
2340 4357 2453 4443 qui
2474 4358 2666 4431 docet

2134 4571 2948 4942 fl
