3384 5525
364 774 473 853 ltus]
740 789 917 833 aeternnm.
1255 758 1490 854 Ῑὲγι-Μψ

361 940 539 1025 impetretis
554 964 573 1003 a
589 940 738 1014 Domino,
759 953 796 1003 ut
820 940 917 1003 nostri
941 940 1119 1002 meminerit
1134 879 1311 1032 irpbbnum.

363 1047 446 1107 Nam
471 1044 528 1127 qui
550 1044 638 1106 novit
660 1043 848 1126 figmentum
872 1064 963 1105 suum
987 1063 1054 1119 nos,
1073 1041 1131 1104 seit
1154 1040 1232 1125 quid
1255 1044 1314 1125 fig-

363 1159 470 1209 mento
495 1146 656 1231 expediat,
682 1146 741 1207 hoc
770 1157 817 1208 est
850 1144 977 1207 unicum
1005 1144 1089 1229 quod
1117 1143 1315 1229 postulamus

363 1244 588 1309 denuntiantes
608 1244 639 1307 in
654 1245 786 1308 caritate
806 1268 880 1329 quae
897 1246 986 1307 Deus
1003 1256 1061 1319 est,
1079 1267 1117 1306 ne
1137 1243 1177 1307 de
1193 1256 1314 1329 tempo·

365 1347 484 1411 ralibus
500 1347 612 1411 vestris
628 1346 676 1409 vel
692 1346 837 1431 cogitetis
852 1346 943 1409 nobis
958 1346 1040 1409 ferre
1055 1343 1241 1409 subsidium.
1265 1348 1315 1410 Sit

364 1470 492 1534 quoque
508 1450 598 1512 vobis
620 1444 761 1512 ecclesiae
783 1471 878 1511 causa
900 1461 931 1511 et
954 1446 1074 1510 domini
1094 1447 1314 1511 Cantuariens.

364 1550 527 1636 operosius
538 1551 771 1627 commendata,
782 1551 859 1635 quia
873 1550 940 1635 ipse
950 1573 1008 1635 pro
1020 1549 1166 1613 libertate
1177 1549 1316 1613 ecclesiae

365 1651 528 1732 dimicans,
540 1654 707 1739 stipendiis
715 1652 853 1738 propriis
868 1666 898 1715 et
917 1652 1086 1729 laboribus,
1094 1653 1235 1715 omnium
1252 1673 1315 1714 ser-

366 1753 408 1817 vit
428 1754 567 1819 utilitati.

454 2048 675 2111 EPISTOLA
699 2048 1001 2112 cccxxix-ao
1014 2065 1170 2110 Jonnnsn
1189 2066 1230 2109 nn

620 2170 811 2214 russatus.
842 2153 1061 2227 [a.n.1168.]

620 2319 703 2379 Idem
717 2318 830 2379 Joanni
844 2318 880 2378 de
900 2317 1057 2380 Tileberr‘m

412 2460 543 2520 Aunrra
565 2452 699 2516 sanitate
721 2463 777 2515 tua
799 2462 831 2515 et
854 2452 951 2515 verbo
974 2451 1082 2517 salutis
1104 2475 1168 2539 quo
1190 2475 1242 2517 me
1265 2464 1320 2518 tua

367 2556 495 2620 dilectio
524 2553 648 2619 censuit
673 2554 905 2631 honorandum,
929 2555 1055 2639 gavisus
1084 2578 1153 2619 sum
1183 2556 1319 2621 medita·

368 2660 454 2725 tione
469 2681 612 2724 reversus
626 2659 659 2722 in
680 2670 824 2743 tempora
845 2659 978 2724 meliora
996 2659 1112 2746 quibns
1127 2676 1160 2725 et
1176 2659 1320 2725 Ecclesia

371 2763 434 2828 Dei
449 2785 527 2849 paee
543 2761 662 2841 debita,
677 2775 711 2826 et
725 2784 782 2826 nos
796 2763 855 2826 sub
870 2763 991 2848 optimo
1014 2763 1155 2827 Domino
1169 2763 1318 2828 societate

368 2867 545 2952 gratissima
569 2865 799 2950 gaudebamus,
824 2865 880 2929 ubi
909 2866 1117 2951 philosophiae
1143 2866 1319 2942 meditatio,

369 2969 514 3034 executio
531 2968 623 3053 juris,
646 2968 820 3032 officiorum
842 2980 955 3032 mutua
976 2968 1232 3045 communicatio,
1255 2967 1321 3032 eol·

370 3072 446 3136 latio
460 3071 649 3148 litterarum,
666 3071 855 3157 disceptatio
876 3071 961 3136 utilis
981 3081 1014 3136 et
1028 3070 1173 3156 jucunda
1186 3071 1320 3136 taedium

369 3174 607 3261 propulsabant,
620 3184 653 3238 et
668 3175 900 3240 contrahebant
914 3197 1017 3240 moras
1032 3175 1193 3261 temporis,
1205 3186 1239 3239 ut
1254 3174 1321 3240 fere

370 3299 496 3362 semper
516 3277 557 3341 ad
581 3276 706 3362 agenda
728 3278 889 3343 videretur
918 3290 1099 3363 augustum.
1148 3277 1213 3342 Sed
1242 3278 1320 3342 dum

368 3381 428 3445 hoc
443 3381 565 3467 loquor,
576 3381 645 3465 jam
661 3380 740 3445 mihi
749 3381 858 3445 videor
872 3381 989 3446 intueri
1000 3383 1138 3446 amicum
1155 3382 1206 3446 cui
1217 3403 1321 3446 sermo

369 3482 523 3568 dirigitur.
586 3483 796 3569 Philosophus
825 3484 911 3548 enim
942 3496 990 3550 est
1019 3485 1135 3551 auditis
1163 3484 1322 3569 indignari

369 3588 577 3665 sermonibus,
604 3600 638 3651 et
659 3587 738 3651 mihi
760 3610 799 3651 ex
825 3588 956 3652 caritate
978 3588 1117 3674 compati
1141 3588 1232 3676 quasi
1255 3588 1323 3653 lan-

370 3691 492 3774 guenti,
508 3691 559 3755 vel
573 3691 702 3771 erranti,
718 3691 768 3756 vel
784 3691 973 3755 alterutrum
988 3691 1159 3759 simulanti.
1205 3691 1322 3756 ‘limen

371 3816 510 3881 namque
534 3817 574 3858 ne
597 3817 637 3858 ex
659 3794 890 3879 praeteritorum
914 3794 1008 3858 laude
1031 3796 1199 3881 praesentia
1214 3797 1323 3861 videar

370 3918 528 3972 accusare,
552 3909 585 3960 et
604 3908 726 3961 amator
748 3897 842 3981 hujus
866 3897 1079 3982 prosperitatis
1101 3921 1174 3985 quae
1197 3899 1324 3964 videtur

372 3998 555 4078 adversitas,
578 4010 611 4063 et
632 4022 696 4063 non
719 4012 777 4074 est,
801 3999 918 4064 aculeis
941 4001 1091 4086 superari.
1140 4002 1205 4066 Sed
1230 4002 1256 4067 si
1278 4003 1323 4067 ita

370 4113 462 4182 esset,
477 4103 592 4167 frustra
614 4125 672 4188 per
693 4102 836 4188 spiritum
861 4103 917 4190 qui
940 4116 1023 4169 rotas
1045 4103 1244 4190 propheticas
1263 4107 1322 4170 sibi

370 4204 506 4270 invicem
524 4206 720 4270 cohaerentes
735 4218 768 4270 et
782 4229 940 4272 connexas
961 4209 1073 4292 agitet
1088 4208 1180 4291 erigit
1195 4220 1228 4271 et
1243 4210 1323 4272 sistit

372 4329 445 4372 cum
471 4309 619 4373 Patribus
635 4323 667 4373 et
682 4309 754 4373 filiis
778 4309 1021 4394 Prophetarum,
1040 4309 1216 4375 Chaldeam
1238 4310 1322 4374 Cha·

373 4431 465 4476 naam
484 4413 661 4498 AEgyptum
683 4412 932 4498 perlustrassem,
954 4425 1010 4478 aut
1032 4434 1246 4498 peragrassem
1268 4412 1323 4476 de-
