3384 5525
374 740 433 801 176
651 754 787 800 ioannis
802 752 1080 797 sanusannrnnsrs
1228 735 1271 812 [A.
1289 753 1320 795 n.

367 902 547 968 humilitate
570 905 683 969 crescit
704 902 931 982 inhumanitas,
953 900 1047 965 etde
1070 899 1213 964 exhibita
1233 922 1323 964 man-

367 1005 536 1069 suetudine
551 1006 691 1070 nascitur
712 1027 749 1069 ac
768 1004 920 1068 dilatatur
939 1003 1117 1079 insolentia,
1134 1002 1272 1083 abavia,
1292 1012 1324 1065 et

367 1106 490 1170 utinam
512 1105 657 1189 feliciori,
678 1106 737 1170 sibi
758 1103 883 1169 censuit
904 1103 1131 1185 incedendum,
1146 1102 1321 1189 praesertim

368 1231 468 1296 quum
483 1220 631 1294 patenter
643 1220 839 1294 agnosceret,
853 1207 937 1294 quod
949 1206 1112 1271 vobiscum
1125 1218 1244 1272 etcum
1257 1205 1323 1289 ipso

368 1333 495 1396 prorsus
509 1311 664 1395 agebatur
678 1312 711 1375 in
727 1310 810 1375 dolo.
859 1310 912 1374 Sic

474 1445 576 1499 Fistula
588 1447 662 1500 dulce
674 1447 752 1510 canit,
764 1444 893 1497 volucrem
904 1444 965 1496 dum
978 1445 1072 1514 decipit
1083 1461 1185 1514 auceps.

372 1562 467 1641 Nam,
481 1560 559 1626 dum
582 1584 654 1647 spes
668 1561 755 1647 pacis
777 1559 984 1646 promittitur,
1004 1559 1159 1645 pernicies
1181 1558 1322 1623 ecclesiae

370 1665 552 1729 transmissa
563 1665 603 1728 ad
619 1663 728 1728 sedem
740 1662 944 1748 apostolicam
957 1662 1116 1746 legatione
1129 1673 1323 1748 procuratur.

370 1765 636 1852 Archiepiscopus
646 1766 797 1829 invitatur
808 1764 848 1828 ad
864 1763 1070 1851 colloquium,
1084 1776 1121 1828 ut
1137 1786 1200 1828 non
1217 1774 1324 1828 caveat

369 1866 546 1932 tendiculas
561 1890 683 1946 eorum,
700 1867 755 1953 qui
772 1880 922 1953 quaerunt
936 1867 1075 1930 animam
1092 1867 1171 1952 ejus,
1188 1877 1225 1930 ut
1240 1868 1297 1931 auf
1313 1910 1325 1921 -

368 1981 442 2034 rant
456 1992 538 2035 eam.
576 1970 659 2034 Nam
676 1993 749 2056 quae
765 1992 829 2033 non
844 1970 1071 2055 praevidentur,
1083 1971 1193 2055 jacula
1208 1970 1325 2034 feriunt

369 2072 472 2148 citius,
486 2085 518 2137 et
528 2073 628 2158 magis
638 2073 769 2139 laedunt.
797 2074 874 2148 Ubi,
885 2096 1004 2160 quaeso,
1017 2074 1191 2159 Scripturae
1200 2074 1323 2155 veritas,

369 2175 395 2239 si
404 2174 459 2239 ille
474 2176 528 2263 qui
540 2176 688 2240 omnibus
704 2175 827 2239 foveam
844 2188 944 2262 parat,
957 2177 1149 2263 quandoque
1165 2198 1228 2240 non
1247 2199 1324 2262 prae-

369 2277 520 2363 cipitatur
529 2278 560 2342 in
571 2276 693 2364 ipsam?
717 2278 798 2352 Quis
808 2278 911 2342 fidelis
920 2290 953 2342 et
963 2301 1057 2343 verax
1066 2292 1124 2356 est,
1135 2279 1160 2343 si
1171 2279 1269 2343 fallax
1278 2291 1325 2344 est

370 2392 403 2443 et
417 2379 496 2444 falsa
511 2380 636 2461 veritas,
651 2403 725 2466 quae
745 2381 952 2445 metientibus
967 2404 1099 2467 operum
1115 2381 1230 2446 merita
1245 2404 1325 2468 proe·

369 2481 505 2545 mierum
523 2483 644 2547 fructus
664 2484 705 2548 ad
720 2484 868 2560 eandem,
886 2484 940 2548 sed
957 2484 1157 2569 coagitatam,
1174 2486 1322 2549 refertam

369 2595 404 2646 et
440 2584 717 2669 supereffluentem
751 2607 933 2649 mensuram
969 2585 1163 2671 pollicetur?
1209 2586 1324 2650 Nonne

369 2683 494 2771 pondus
515 2700 549 2747 et
571 2686 695 2770 pondus
718 2685 750 2749 in
776 2709 874 2750 manu
899 2687 1036 2752 hominis
1058 2700 1106 2751 est
1129 2688 1324 2752 abominatio

369 2789 453 2873 apud
472 2788 605 2852 Deum?
644 2790 800 2876 Nunquid
815 2813 891 2875 ergo
912 2792 1038 2876 pondus
1060 2803 1094 2856 et
1117 2792 1241 2877 pondus
1263 2793 1322 2859 erit

369 2890 401 2953 in
432 2913 530 2955 manu
562 2889 634 2969 Dei,
661 2903 697 2954 ut
723 2890 806 2954 inter
827 2914 983 2977 pauperos
1012 2906 1046 2957 et
1074 2893 1188 2957 divites
1213 2893 1322 2980 inique

368 2993 543 3059 decernat?
581 2994 677 3059 Absit
702 2994 762 3058 hoc
788 2994 829 3057 ab
856 3015 905 3069 co,
931 2995 985 3080 qui
1012 2997 1120 3060 orbem
1142 2996 1268 3080 judicat
1289 2997 1322 3060 in

370 3098 532 3183 aequitate,
547 3098 602 3184 qui
618 3098 693 3182 ipsis
709 3097 830 3181 angelis
853 3119 914 3160 non
938 3098 1090 3183 pepercit,
1106 3100 1162 3185 qui
1178 3111 1323 3185 potantes
1347 3112 1350 3118 '

368 3209 516 3283 potenter
542 3201 644 3283 punit,
670 3199 725 3285 qui
755 3199 860 3263 aufert
883 3198 1028 3284 spiritum
1051 3201 1242 3287 principum,
1269 3202 1323 3288 qui

368 3308 603 3382 contemptores
632 3321 704 3362 snos
738 3299 843 3362 reddit
873 3299 1038 3383 ignobiles.
1093 3303 1167 3387 Ipse
1199 3303 1323 3388 judicet

367 3419 511 3462 caussam
531 3420 632 3480 suam,
647 3410 680 3461 et
702 3399 845 3462 ecclesiae
866 3422 1064 3485 oppressores
1084 3416 1139 3468 aut
1161 3416 1323 3469 convertat

368 3512 423 3564 aut
439 3512 591 3563 conterat.
638 3503 799 3584 Pauperes
814 3522 887 3565 suos
902 3504 942 3567 ad
962 3504 1095 3588 gloriam
1112 3506 1249 3572 nominis
1264 3508 1322 3590 sui,

367 3614 462 3687 prout
484 3603 530 3665 eis
550 3601 674 3666 noverit
695 3602 856 3688 expedire,
879 3604 995 3670 liberet
1013 3619 1048 3671 et
1066 3608 1180 3694 eripiat
1202 3632 1222 3673 a
1243 3609 1321 3674 facie

365 3701 464 3784 gladii
488 3701 695 3777 imminentis,
719 3725 759 3766 ne
783 3704 912 3789 quando
932 3705 1041 3770 dicant
1055 3723 1180 3791 genteS,
1202 3711 1263 3773 Uni
1283 3720 1323 3773 est

367 3807 453 3867 Dens
467 3803 593 3868 eornm?
631 3804 761 3869 Patiens
776 3806 906 3892 quidem
925 3809 1204 3875 Cantuariensium
1222 3813 1320 3890 Deus,

365 3906 421 3970 sed
451 3906 537 3970 idem
566 3907 674 3991 procul
701 3908 800 3972 dubio
823 3909 1026 3976 fidelissimus
1052 3912 1233 3980 retributor.
1280 3914 1320 3978 Et

364 4009 494 4095 quidem
511 4032 582 4094 spes
604 4021 649 4087 et,
665 4012 751 4097 quod
774 4035 836 4076 non
858 4014 914 4078 diu
937 4015 1064 4081 differet
1084 4017 1250 4096 ultionem,
1266 4018 1319 4082 sed

364 4111 612 4176 comminabitur
633 4112 664 4175 in
688 4113 785 4179 brevi.
833 4115 877 4180 Et
891 4117 951 4181 nisi
972 4140 1030 4203 per
1049 4119 1271 4204 poeniteutiam
1285 4130 1316 4184 et

362 4212 607 4279 satisfactionem
615 4229 826 4304 persequutor
835 4218 980 4285 ecclesiae
991 4221 1201 4287 declinaverit
1209 4224 1315 4304 ictum,

361 4313 493 4378 ferietur
507 4314 764 4401 irreparabiliter,
780 4320 888 4385 eterit
903 4322 1028 4388 saeculis
1042 4322 1075 4386 in
1092 4323 1286 4410 exemplum.
