3384 5525
405 1126 674 1213 JOANNIS
714 1120 1257 1213 SARESBERIENSIS

560 1350 769 1414 EPISCOPI
791 1347 1110 1413 CARNOTENSIS

698 1552 976 1629 EPISTOLAE.

380 1938 605 2004 EPISTOLA
627 1938 838 2005 CXCL-sn
854 1953 1003 1999 rnonsu
1019 1953 1115 1999 cunr.
1131 1952 1290 1998 incense.

731 2039 776 2120 [s.
787 2058 819 2102 n.
838 2036 946 2117 llos]

408 2197 536 2261 ihomoe
556 2197 792 2261 Cantaurieasi
806 2196 1051 2277 archiepiscopo
1065 2190 1211 2257 ,Ioannes
1226 2196 1266 2259 de

742 2298 941 2363 Soresberia.

408 2436 660 2499 Prorosunnsu
674 2432 856 2519 paternitati
871 2442 984 2495 vestrae
1000 2454 1065 2495 non
1081 2432 1227 2512 scribere,
1242 2435 1317 2519 qnia

363 2539 475 2621 scripti
497 2536 592 2601 vestri
616 2534 802 2600 vicissitudo
831 2534 909 2597 mihi
939 2545 1055 2615 negata
1078 2544 1135 2598 est.
1181 2536 1314 2599 Verum·

365 2653 472 2703 tamen
488 2638 786 2722 circumspectionis
800 2647 911 2700 vestrae
932 2634 1132 2717 prudentiam
1148 2638 1318 2701 attendens

365 2738 469 2820 magis
495 2740 639 2819 approbo
660 2746 773 2801 vestrae
799 2736 1064 2801 considerationis
1089 2738 1124 2801 in
1147 2760 1212 2801 non
1239 2739 1318 2802 scri·
1410 2802 1439 2826 l,

367 2837 475 2903 bendo
497 2837 695 2914 industriam,
710 2859 806 2919 quam
830 2838 923 2922 quasi
945 2839 1081 2901 amicam
1103 2837 1264 2921 quandam
1285 2839 1319 2901 in

369 2938 542 3006 scribendo
559 2937 840 3022 dispensationem.
885 2939 985 3001 Facto
1006 2937 1093 3000 enim
1108 2939 1210 3019 magis
1225 2962 1320 3023 quam

369 3042 500 3124 script0‚
523 3040 618 3103 rebus
644 3039 745 3121 magis
772 3060 869 3123 quam
895 3038 1009 3116 verbis,
1034 3038 1195 3104 beneficio
1218 3042 1320 3123 magis

369 3165 466 3228 quam
488 3141 700 3224 suaviloquio,
714 3140 774 3203 filii
796 3138 838 3204 ad
859 3139 1019 3224 obsequis¹
1035 3149 1168 3223 patema
1182 3153 1257 3205 sunt
1271 3143 1317 3207 in-

369 3244 502 3309 vitandi.
547 3242 713 3327 Siquidem
728 3242 905 3306 secundum
918 3243 1007 3322 leges
1022 3243 1143 3320 saeculi,
1154 3244 1319 3327 obsequiis

369 3346 511 3432 paternis
525 3344 585 3407 filii
599 3354 675 3408 sunt
696 3343 890 3422 deleniendi,
904 3365 969 3407 non
984 3344 1182 3426 obligatoriis
1198 3347 1320 3429 pactio·

370 3450 468 3512 nibus
493 3446 724 3528 adstringendi.
769 3447 857 3510 Visis
882 3459 987 3512 autem
1009 3447 1121 3526 literis,
1146 3469 1226 3532 quas
1251 3451 1319 3532 regi

371 3546 508 3630 Angliae,
531 3555 564 3610 et
585 3567 665 3631 quas
683 3546 891 3628 suffraganeis
907 3546 1019 3609 vestris
1041 3544 1213 3626 direxistis,
1228 3551 1320 3612 exul-

370 3650 436 3714 tari
452 3646 569 3730 gaudio
584 3669 701 3730 magno
723 3670 781 3731 pro
798 3649 919 3711 fervore
939 3656 971 3710 et
987 3646 1077 3731 justo
1096 3648 1168 3712 zelo
1185 3659 1241 3713 tuo
1262 3673 1319 3735 pro

371 3750 523 3815 Ecclesia
541 3748 617 3824 Dei,
632 3770 696 3832 quo
718 3748 939 3814 inardescitis:
963 3746 1060 3820 Quod
1080 3749 1193 3812 saltem
1208 3751 1241 3814 in
1256 3752 1319 3816 hoc

371 3850 552 3937 periculoso
568 3860 709 3934 tempore
729 3851 845 3936 aliquis
867 3849 1037 3929 invenitur,
1052 3850 1109 3934 qui
1123 3873 1181 3934 pro
1196 3852 1321 3937 injuriis

330 3967 336 3974 ’
372 3952 543 4026 Ecclesiae,
570 3973 628 4036 pro
654 3953 805 4015 membris
831 3952 963 4031 Christi,
989 3973 1061 4035 quae
1089 3952 1159 4035 ipse
1180 3956 1321 4038 glorioso

372 4053 527 4135 sauguine
549 4074 607 4115 suo
628 4052 773 4131 redemit,
792 4053 825 4115 iu
848 4073 955 4116 servos
977 4052 1137 4136 nequitiae,
1155 4053 1189 4116 in
1212 4055 1322 4121 hostes

373 4155 523 4232 veritatis,
538 4155 573 4216 in
594 4163 839 4238 persequutores
859 4152 1031 4217 Christiani
1048 4155 1187 4218 nominis
1207 4157 1323 4220 senum

376 4277 450 4320 cum
475 4256 570 4319 beato
592 4256 686 4319 Petro
707 4276 766 4340 pro
787 4255 918 4318 nomine
941 4256 1063 4320 Christi
1084 4257 1235 4340 stringere
1257 4282 1323 4322 non

357 4357 510 4421 dubitat.
554 4358 667 4422 Laudo
690 4360 796 4423 zelum
815 4367 850 4421 et
869 4358 1078 4442 propositum,
1092 4360 1189 4423 laudo
1210 4364 1324 4423 severi-

420 4474 492 4519 vou.
508 4473 545 4519 n.
837 4476 858 4520 u
