3384 5525
362 796 426 855 218
642 808 779 855 sonuum
795 806 1073 851 sanusnamnnsrs
1222 788 1266 866 [n.
1284 807 1315 851 n.

366 960 409 1023 Et
423 959 544 1024 insede
558 959 709 1024 Sathanoe
721 970 843 1023 certum
857 969 905 1022 est
920 956 1063 1020 habitare
1079 955 1273 1020 struthiones
1288 968 1320 1019 et

362 1063 541 1148 scorpiones
567 1085 640 1128 cnm
667 1062 715 1126 his
744 1061 800 1148 qni
826 1070 939 1125 tonent
967 1059 1144 1123 doctrinam
1174 1058 1315 1136 Balaam.

364 1164 488 1231 Valete.

363 1372 584 1436 EPISTOLA
608 1370 1084 1435 ccxcii-manuninum
1100 1386 1319 1431 nxomnnsuu

563 1491 856 1536 aucurnmconuu.
903 1470 947 1549 [a.
965 1490 996 1534 n.
1016 1474 1124 1548 riou]

423 1641 598 1705 Buldwino
613 1641 795 1703 Euonienas’
810 1638 1040 1701 aranidneono
1053 1638 1199 1700 Joannes
1214 1638 1273 1701 Sa.

541 1773 675 1824 Excussus
687 1772 803 1843 propriis,
818 1770 903 1823 aliena
915 1770 1023 1836 negotia
1034 1786 1134 1833 curans,

365 1877 458 1960 qnasi
477 1896 550 1938 cnm
575 1873 861 1940 Cantuariensibns
889 1885 946 1936 ant
967 1872 1092 1935 aemulis
1111 1894 1222 1935 eorum
1246 1871 1323 1935 mihi

367 1974 407 2039 sit
429 1974 559 2059 aliquod
582 1974 807 2039 familiaritatis
822 1973 1058 2048 commercium,
1075 1995 1176 2057 nuper
1193 1971 1322 2035 infesto

367 2075 469 2140 beatae
484 2077 598 2142 Marias
620 2074 824 2159 Magdaienae
838 2074 1034 2140 Vizeliacum
1053 2073 1217 2160 profectus
1240 2094 1323 2146 sum,

365 2200 532 2242 occurrens
565 2178 612 2242 ibi
648 2177 773 2240 nunciis
807 2175 928 2239 domini
960 2197 1064 2260 papae,
1100 2197 1196 2238 causa
1231 2173 1324 2254 (sicut

368 2279 549 2362 videbatur)
586 2278 769 2343 addiscendi
806 2276 886 2363 quid
928 2277 1174 2343 Cantuarienses
1213 2276 1324 2341 timere

366 2393 513 2463 oporteat
540 2382 587 2445 vel
620 2405 755 2468 sperare.
811 2384 894 2445 Nam
927 2379 996 2443 haec
1027 2378 1135 2444 fabula
1162 2379 1230 2443 fere
1260 2376 1325 2442 sola

367 2481 494 2566 linguas
522 2496 554 2547 et
580 2506 673 2547 aures
694 2483 865 2568 utriusque
892 2482 995 2567 regni,
1022 2480 1108 2568 quod
1136 2480 1177 2544 ad
1204 2481 1324 2545 clerum

367 2597 500 2670 spectat,
512 2598 544 2649 et
560 2597 644 2649 certe
660 2586 691 2648 in
709 2608 823 2668 magna
838 2598 929 2670 parte
944 2584 985 2648 ad
1001 2583 1169 2670 populum,
1182 2583 1324 2647 creditur

366 2711 531 2775 occupare.
577 2687 804 2753 Desiderabam
829 2700 936 2753 autem
960 2710 1070 2751 revera
1093 2710 1199 2750 meum
1216 2686 1324 2750 videre

366 2791 596 2878 cognominem,
608 2804 640 2856 et
655 2791 742 2877 qnod
756 2794 858 2876 magis
873 2802 920 2854 est
936 2791 1178 2876 compatriotam
1195 2803 1227 2854 et
1242 2812 1322 2876 quo-

367 2892 538 2958 dammodo
552 2893 683 2958 fratrem
700 2894 902 2966 Gratianum,
916 2893 1009 2978 cnjus
1027 2904 1075 2967 tn,
1092 2903 1129 2954 nt
1144 2889 1323 2954 meminisse

366 3009 467 3080 potes,
483 3021 502 3061 a
518 3011 636 3062 sanctae
651 2995 878 3061 recordationis
893 3017 977 3081 papa
993 2996 1142 3080 Eugenio
1159 2993 1323 3058 Ferentini

368 3096 515 3164 decretus
530 3123 563 3164 es
577 3100 753 3165 institutor.
801 3098 898 3162 Illum
917 3099 1047 3162 fratrem
1071 3096 1205 3161 dixerim
1229 3096 1324 3159 confi-

368 3198 481 3262 denter
506 3225 578 3265 cnm
606 3225 672 3287 qno
699 3201 777 3266 mihi
803 3199 880 3266 fidei
908 3213 939 3263 et
967 3201 1126 3264 societatis
1153 3210 1227 3261 sunt
1248 3197 1326 3282 jura

368 3301 559 3378 communia,
589 3316 622 3365 et
652 3303 724 3368 licet
754 3325 811 3364 nos
847 3323 910 3364 non
941 3300 1077 3365 ediderit
1113 3322 1177 3362 nna
1204 3298 1328 3380 civitas,

368 3403 503 3483 patriam
527 3414 632 3464 tamen
655 3403 745 3467 nobis
772 3425 866 3467 unam
895 3424 1047 3467 essenon
1074 3400 1228 3487 ambigit:
1266 3399 1324 3486 qui

371 3501 504 3586 patriam
528 3502 674 3579 fortium,
697 3526 771 3589 qnae
794 3504 886 3568 nobis
908 3504 1076 3569 individua
1098 3515 1157 3579 est,
1173 3515 1205 3567 et
1228 3497 1325 3589 quam

371 3602 550 3668 Carmentis
564 3604 715 3682 ostendit,
730 3604 853 3670 reducit
868 3605 908 3670 ad
922 3606 1074 3670 animum.
1108 3605 1163 3668 Ab
1179 3603 1236 3668 illo
1251 3626 1327 3690 ergo

369 3716 401 3766 et
427 3703 511 3768 socio
530 3707 599 3792 ejus
620 3705 755 3771 Viviano
777 3706 876 3771 amice
898 3720 930 3771 et
953 3719 1135 3772 reverenter
1158 3720 1324 3792 exceptus,

370 3804 558 3871 familiarius
587 3807 684 3872 didici
716 3809 804 3894 quod
834 3808 985 3873 dominus
1013 3832 1099 3895 papa
1135 3821 1167 3873 et
1197 3808 1329 3873 ecclesia

371 3909 517 3973 Romana
529 3911 812 3976 Cantnariensibus
822 3912 998 3998 plurimum
1011 3912 1139 3976 favent:
1164 3910 1244 3974 adeo
1256 3911 1328 3995 qui·

369 4010 442 4074 dem
458 4024 494 4075 nt
510 4012 570 4076 nisi
584 4036 640 4076 rex
656 4035 740 4076 nnnc
757 4036 830 4077 cnm
846 4014 975 4078 domino
991 4012 1217 4080 cantuariensi
1228 4014 1326 4099 juxta

368 4111 533 4177 consilium
549 4113 669 4178 domini
685 4137 778 4199 papae
792 4115 903 4182 fecerit
918 4139 1040 4202 pacem,
1055 4115 1084 4179 ei
1100 4113 1324 4179 denunciatnri

369 4215 443 4290 sint,
458 4215 546 4302 quod
562 4238 625 4279 non
640 4216 735 4280 modo
750 4216 782 4279 in
797 4241 910 4282 manus
930 4217 1160 4303 archiepiscopi
1183 4215 1325 4295 dabitur,

369 4315 423 4380 sed
439 4329 471 4381 et
487 4318 554 4403 ipse
576 4320 740 4382 Romanus
764 4319 913 4383 Pontifex
935 4319 968 4381 in
992 4341 1066 4382 eum
1089 4329 1324 4402 aggravaturus

368 4434 418 4482 est
433 4441 561 4483 manum
578 4442 677 4485 snam.
716 4421 809 4498 Quod
826 4434 933 4485 autem
952 4419 1070 4484 multos
1087 4419 1196 4484 mirari
1211 4419 1325 4484 asseris
