3384 5525
376 787 435 846 164
631 800 766 844 roanms
782 797 1064 841 saausnnarnusrs
1232 778 1279 857 [A.
1297 796 1329 839 n.

377 950 624 1037 cularecepturi.
650 952 756 1029 Quum
766 950 873 1035 itaque
884 960 1004 1012 vestras
1013 948 1231 1034 eleemosynas
1242 970 1330 1012 enar-

375 1064 423 1115 ret
448 1065 480 1117 et
503 1052 659 1138 approbet
684 1052 787 1115 omnis
809 1050 941 1115 ecclesia
964 1062 1158 1127 sanctorum,
1182 1048 1328 1133 nunquid

374 1153 568 1239 proscriptos
584 1152 715 1232 Christi,
732 1156 787 1237 qui
803 1176 863 1238 pro
880 1151 1009 1236 justitia
1024 1152 1167 1227 exulant,
1184 1163 1216 1215 et
1232 1151 1327 1213 eccle·

375 1255 430 1319 siae
442 1269 573 1320 tuentur
585 1256 774 1335 libertatem,
785 1277 848 1318 non
864 1253 1008 1340 respiciet
1020 1252 1193 1317 liberalitas
1205 1255 1327 1316 vestra?

376 1361 445 1421 Nec
461 1360 521 1421 mei
538 1359 641 1436 (Deus
656 1357 725 1440 scit)
738 1380 833 1420 causa
848 1355 931 1432 dico,
948 1357 998 1418 cui
1010 1354 1114 1439 gratia
1125 1352 1256 1416 Domini
1272 1352 1328 1415 mi·

376 1459 490 1524 nistrat
505 1461 678 1524 necessaria
693 1460 733 1524 ad
749 1459 977 1524 abundantiam
1002 1459 1151 1544 quintum
1176 1457 1207 1520 in
1234 1454 1327 1521 exilio

376 1563 546 1650 complenti
570 1587 700 1641 annum,
716 1577 747 1629 et
763 1588 782 1627 a
796 1565 889 1648 cujus
904 1562 1067 1649 proposito
1082 1584 1206 1647 semper
1221 1560 1326 1625 extitit

374 1665 524 1745 alienum,
549 1680 581 1729 et
610 1679 658 1728 est
686 1664 829 1729 odiosum
861 1663 919 1728 sub
947 1685 1137 1750 quocunque
1166 1674 1326 1748 praetextu

375 1767 563 1831 mendicare.
601 1771 665 1831 Res
680 1766 761 1830 onim
779 1764 874 1828 semel
886 1777 993 1849 empta
1009 1763 1205 1829 commodius
1220 1765 1327 1849 acqui-

375 1868 457 1931 ritur
472 1868 503 1929 in
527 1868 597 1932 foro
620 1890 725 1931 rerum
749 1866 925 1930 venalium:
957 1867 1034 1952 quia
1059 1880 1094 1930 ut
1118 1865 1327 1951 philosophus

375 1969 464 2032 testis
489 1982 548 2045 est,
573 1969 622 2034 bis
644 1970 760 2032 emitur
783 1992 884 2054 quum
909 1982 1050 2053 rogatur,
1074 1968 1128 2031 sed
1150 1980 1256 2032 movet
1277 1990 1326 2032 me

374 2069 521 2134 dominus
532 2071 769 2137 Cantuariensis
781 2071 837 2156 qui
850 2070 960 2154 multis
970 2069 1157 2133 coenulibus
1168 2081 1326 2145 oneratus,

373 2172 461 2257 quod
479 2174 665 2257 Anglicanae
680 2174 818 2237 ecclcsiae
833 2166 866 2237 et
884 2181 1058 2238 nostratum
1075 2171 1248 2258 ignominia
1269 2182 1326 2244 est,

375 2274 441 2338 suis
471 2275 575 2339 adbuc
600 2290 632 2340 et
657 2279 762 2359 gentis
787 2278 897 2340 alienae
925 2274 1088 2360 stipendiis
1114 2273 1242 2353 militat,
1268 2295 1325 2357 pro

374 2396 466 2439 causa
482 2375 610 2461 publica
625 2377 723 2440 totius
739 2377 824 2440 cleri.
856 2381 968 2461 Neque
983 2376 1066 2438 enim
1083 2374 1142 2438 sibi
1157 2375 1326 2438 dumtaxat

374 2476 604 2541 immunitatem
636 2482 764 2562 quaerit,
792 2501 888 2562 quam
915 2477 1064 2541 facillime
1094 2488 1218 2561 poterat
1245 2476 1325 2539 obti-

374 2577 498 2641 nuisse:
521 2580 575 2641 sed
588 2580 735 2643 omnibus
748 2579 894 2642 vendicat
907 2577 1096 2641 libertatem.
1129 2578 1212 2640 Nam
1225 2598 1324 2662 quum

372 2693 500 2743 auctore
517 2679 597 2757 Deo,
614 2680 701 2767 quod
717 2682 749 2744 in
765 2680 853 2744 brevi
869 2680 1014 2744 futurum
1032 2690 1187 2765 speratur,
1199 2679 1325 2741 obtinu-

372 2781 443 2860 erit,
465 2786 561 2847 etiam
586 2788 641 2868 qui
668 2784 699 2846 in
725 2784 809 2846 clero
832 2783 982 2847 minimus
1001 2797 1059 2861 est,
1079 2782 1119 2846 de
1137 2781 1324 2844 adversariis

370 2884 508 2949 ecclesiae
534 2886 755 2972 triumphabit.
801 2889 873 2952 Scio
900 2901 1003 2951 tamen
1031 2886 1104 2972 quis
1130 2886 1156 2947 ei
1183 2885 1323 2970 aliquam

370 2987 444 3051 tulit
466 3012 570 3074 opem,
593 3004 624 3053 et
651 3004 927 3074 quantascumque
954 3012 1081 3073 possum
1109 2987 1228 3072 gratias
1253 3010 1324 3071 ago,

371 3092 478 3154 certus
493 3091 579 3175 quod
597 3095 623 3154 ei
640 3093 812 3156 centenarii
830 3113 946 3152 merces
959 3087 1108 3174 centupla
1124 3089 1324 3166 refundetur,

370 3203 402 3253 et
417 3193 545 3275 quando
561 3193 769 3278 condiscipuli
787 3195 890 3268 Porri,
903 3191 959 3276 qui
971 3192 1039 3275 jam
1055 3190 1085 3252 in
1103 3201 1198 3275 portu
1215 3188 1323 3251 viden·

370 3303 424 3352 tur
439 3293 599 3375 navigare,
613 3308 723 3378 optata
739 3295 854 3358 littoris
870 3295 1004 3357 statione
1018 3291 1219 3377 gaudebunt,
1235 3304 1266 3353 et
1281 3289 1321 3352 ad

369 3392 661 3476 comprandendum
691 3395 818 3458 Christo
854 3395 973 3458 fuerint
1009 3392 1144 3471 invitati,
1178 3405 1255 3455 ωηο
1286 3401 1322 3453 ut

364 3493 490 3578 justum
507 3506 555 3558 est
576 3493 606 3556 in
623 3495 675 3558 illa
691 3496 836 3580 jucunda
852 3496 1022 3561 refectione
1037 3495 1065 3558 ei
1081 3495 1164 3558 inter
1179 3506 1322 3568 caeteros,

368 3604 400 3655 et
410 3614 476 3676 prm
486 3596 607 3657 caeteris
617 3594 705 3658 sedes
713 3595 850 3680 gloriosa
859 3596 1173 3683 parabitur,eoquod
1184 3593 1323 3659 ecclesiae

367 3691 448 3754 filios
476 3692 600 3777 adjuvit
631 3697 810 3761 laborantes
838 3704 870 3761 in
902 3698 1096 3782 remigando
1143 3697 1226 3759 Nam
1258 3717 1321 3780 qua

366 3793 471 3856 fronte
497 3807 573 3858 tunc
597 3799 809 3882 apparebunt,
830 3812 886 3864 aut
909 3800 988 3885 quid
1016 3800 1131 3873 dicent,
1157 3799 1216 3884 qui
1243 3794 1320 3859 nihil

366 3895 477 3957 auxilii
499 3895 655 3962 laboranti
678 3900 805 3985 navigio
828 3901 1042 3965 contulerunt.
1090 3901 1172 3963 Nam
1197 3911 1319 3962 certum

364 3998 509 4081 estquod
522 3998 685 4064 ecclesiam
695 4001 889 4086 enavigabit,
898 4016 928 4066 et
942 4015 1017 4066 tunc
1029 4001 1233 4087 adjutoribus
1243 3999 1317 4076 suis,

364 4110 460 4181 prout
476 4101 612 4184 quisque
632 4103 817 4179 merebitur,
832 4105 893 4168 erit
908 4102 1010 4188 gloria
1028 4117 1061 4168 et
1076 4103 1221 4167 confusio
1237 4104 1316 4166 sicut

362 4198 637 4283 persequentibus,
654 4205 701 4266 ita
715 4202 932 4268 deserentibus
947 4225 1025 4266 eam.
