3384 5525
762 803 982 882 1169]
1524 819 1886 863 Ems‘roLAE.
2539 809 2665 866 217

751 982 819 1033 et
878 970 1169 1035 ecclesiae
1228 968 1573 1034 laborantis
1625 969 2021 1033 honestatem
2075 979 2143 1033 et
2191 990 2436 1054 pacem.
2533 972 2669 1036 Scit

748 1073 924 1137 enim
954 1073 1393 1136 indubitanter
1413 1071 1607 1157 quod,
1629 1071 1681 1134 si
1712 1070 1832 1134 hac
1854 1070 1956 1134 via
1978 1070 2326 1146 incesserit,
2359 1083 2665 1137 aeternam

744 1175 1013 1260 gloriam
1048 1198 1262 1239 coram
1310 1175 1454 1239 Deo
1484 1186 1550 1238 et
1596 1174 1959 1237 hominibus
2002 1174 2485 1259 promerebitur.
2580 1176 2668 1241 Et

746 1279 899 1366 quia
938 1300 1174 1365 paucos
1214 1278 1458 1342 invenit
1502 1277 1734 1364 quibus
1779 1276 2175 1340 confidenter
2219 1277 2414 1363 possit
2455 1278 2666 1361 inniti,

747 1403 857 1445 vos
903 1381 1325 1446 constantiam
1379 1402 1596 1467 quoeso
1644 1380 1782 1464 ejus
1828 1380 2083 1462 erigatis
2129 1391 2195 1443 et
2244 1380 2548 1446 roboretis
2596 1383 2662 1446 in

750 1482 1053 1549 Domino.
1135 1485 1300 1561 Rex,
1333 1483 1478 1547 Deo
1519 1482 1814 1568 propitio,
1846 1482 2011 1545 bene
2043 1482 2345 1546 solvendo
2375 1496 2505 1548 est:
2579 1486 2666 1552 Et

745 1597 992 1650 constat
1024 1584 1576 1671 impoenitentibus
1613 1596 1876 1670 peccata
1909 1607 2035 1648 non
2068 1606 2246 1670 posse
2277 1586 2555 1652 remitti:
2609 1591 2660 1654 si

743 1710 894 1752 vero
925 1711 1025 1753 res
1056 1689 1289 1766 ablata,
1316 1711 1517 1776 quum
1551 1688 1733 1752 reddi
1765 1687 1976 1772 possit,
2010 1710 2136 1750 non
2170 1687 2484 1768 redditur3
2530 1711 2658 1753 non

743 1791 956 1875 agitur
1006 1792 1405 1877 poenitentia,
1460 1791 1569 1855 sed
1622 1790 1902 1874 fingitur.
1996 1789 2172 1864 Quid
2222 1793 2660 1856 excommuni-

742 1893 900 1959 catis
945 1895 1233 1958 conferet
1276 1891 1610 1973 absolutio,
1641 1892 1761 1955 nisi
1806 1892 1954 1956 satis
1985 1892 2255 1955 fecerint
2297 1891 2379 1955 de
2408 1892 2655 1977 injuriis

742 2006 807 2059 et
859 1996 1124 2081 rapinis,
1169 2007 1236 2060 et
1281 2008 1412 2060 tam
1461 1994 1796 2059 manifesto
1845 1992 2296 2058 inobedientiae
2345 1995 2659 2061 crimine?

713 2085 1035 2162 ‘Crimina
1078 2097 1509 2183 publicatione
1554 2094 1650 2159 sui
1696 2095 2165 2160 evidentissima
2211 2106 2408 2160 totam
2457 2098 2656 2163 eccle-

742 2199 902 2264 siam
953 2200 1132 2285 gravi
1184 2199 1482 2264 scandalo
1542 2198 1928 2265 affecerunt:
1995 2212 2059 2262 et
2097 2221 2242 2286 quae
2295 2199 2361 2262 in
2410 2199 2652 2266 lumine

740 2303 1076 2367 commissa
1106 2316 1274 2384 sunt,
1309 2324 1434 2365 non
1465 2301 1708 2365 debent
1736 2304 1801 2363 in
1832 2300 2112 2365 tenebris
2156 2301 2431 2368 aboleri:
2486 2325 2650 2389 prae-

745 2405 963 2469 sertim
996 2428 1199 2494 quum
1232 2427 1359 2469 non
1393 2404 1471 2469 sit
1495 2403 1740 2490 aliquid
1771 2403 2091 2466 occultum
2117 2403 2288 2488 quod
2319 2426 2447 2467 non
2472 2428 2650 2471 reve-

739 2506 927 2583 letur,
970 2517 1039 2572 et
1082 2507 1254 2594 quod
1298 2530 1424 2569 non
1473 2505 1858 2592 praedicetur
1901 2505 1964 2567 in
2013 2505 2306 2589 compitis
2349 2517 2416 2570 et
2458 2529 2650 2593 super

739 2620 928 2675 tecta.
1034 2610 1100 2675 Si
1160 2611 1295 2674 sine
1345 2610 1717 2696 juramento
1777 2608 2015 2672 suerint
2072 2607 2369 2688 absoluti,
2428 2624 2647 2675 contra

737 2712 1003 2777 formam
1060 2712 1381 2799 publicam
1435 2724 1500 2775 et
1551 2711 1616 2775 in
1667 2709 1992 2774 laesionem
2040 2709 2327 2775 ecclesiae
2370 2711 2649 2796 graviter

736 2827 1193 2901 praesumetur:
1248 2816 1369 2880 nisi
1414 2813 1828 2879 restitutionis
1874 2814 2185 2877 faciendae
2227 2814 2492 2877 verbum
2523 2815 2644 2878 rite

737 2919 1130 3004 processerit,
1192 2919 1583 3005 principibus
1641 2930 1708 2981 et
1768 2918 2048 3004 tyrannis
2115 2929 2246 2980 tam
2306 2921 2645 2983 coaetaneis

733 3045 928 3108 quam
959 3023 1207 3104 futuris„
1230 3023 1649 3108 perniciosum
1685 3019 2082 3106 relinquetur
2104 3019 2491 3105 exemplum.
2572 3020 2642 3084 Si

734 3147 844 3189 rex
904 3125 1254 3190 obtinuerit
1312 3137 1383 3189 ut
1443 3124 1641 3211 pactis
1700 3124 2014 3187 inseratur
2072 3122 2249 3207 regni
2302 3121 2645 3206 dignitates

734 3227 935 3292 salvas
993 3227 1147 3305 fore,
1211 3228 1700 3293 consuetudines
1771 3226 1959 3291 evicit
2027 3237 2274 3291 mutato
2332 3226 2645 3292 duntaxat

732 3330 1015 3412 nomine,
1058 3342 1125 3395 et
1173 3354 1427 3396 omnem
1489 3329 1776 3393 ecclesiae
1836 3329 2148 3392 Romanae
2199 3328 2641 3393 auctoritatem

734 3433 1088 3523 eliminavit
1116 3434 1198 3497 ab
1244 3433 1495 3518 Anglia.
1590 3432 1718 3496 Sed
1765 3431 1927 3495 absit
1974 3442 2047 3495 ut
2092 3430 2335 3517 aliquid
2378 3431 2641 3497 istorum

735 3534 879 3599 fiat:
942 3547 1007 3599 et
1038 3547 1249 3600 certus
1295 3558 1433 3600 sum
1468 3534 1641 3622 quod
1672 3534 1970 3598 dominus
2004 3534 2443 3600 CantuarienS.
2476 3557 2641 3619 proe-

730 3637 926 3720 elegit
953 3636 1212 3701 exulare
1254 3651 1582 3724 perpetuO,
1615 3659 1809 3723 quam
1843 3650 1915 3699 ut
1951 3647 2212 3721 propter
2240 3658 2464 3721 pacem
2504 3638 2642 3721 ejus

730 3739 1003 3804 laedatur
1032 3740 1300 3804 ecclesia
1343 3753 1408 3804 et
1438 3740 1603 3804 sedis
1648 3739 2013 3824 apostolicae
2043 3739 2442 3824 privilegium
2493 3762 2640 3804 con-

727 3842 1016 3908 vellatur.
1101 3843 1385 3907 Suadete
1417 3865 1569 3926 ergo
1600 3841 1860 3906 domino
1893 3841 2204 3906 Gratiano
2231 3853 2309 3905 ut
2338 3842 2403 3905 in
2435 3843 2639 3906 omni-

729 3943 849 4008 bus
879 3955 947 4007 et
989 3944 1311 4030 praecipue
1354 3944 1421 4006 in
1466 3943 1564 4006 his
1594 3942 1877 4006 articulis
1923 3954 2144 4007 caveat
2187 3942 2329 4024 sibi,
2361 3964 2442 4006 ne
2487 3966 2637 4007 eum

726 4047 900 4131 quod
934 4049 1113 4110 Deus
1145 4057 1389 4111 avertat

1081 4150 1357 4218 Decipiant
1380 4150 1542 4200 animi
1566 4149 1662 4202 sub
1686 4148 1840 4220 vulpe
1861 4147 2106 4200 latentes.

728 4235 871 4299 Jam
925 4241 1122 4314 enim,
1178 4240 1243 4302 ni
1294 4236 1497 4318 fallor,
1545 4249 1846 4323 expertus
1896 4258 2033 4301 esse
2082 4243 2292 4320 potest
2335 4233 2642 4321 quoniam

730 4339 921 4403 verba
938 4339 1460 4425 praecipitationis
1480 4339 1688 4424 diligit
1710 4339 1926 4424 lingua
1943 4337 2182 4417 dolona
2203 4341 2260 4401 N
2267 4333 2452 4413 ullas
2435 4337 2652 4453 lnquit·

722 4441 999 4526 sapiens,
1024 4464 1308 4529 unquam
1334 4441 1635 4508 securitas
1659 4453 1775 4520 est,
1798 4440 2007 4507 vicino
2031 4445 2330 4521 serpente
2372 4505 2379 4509 ,
2416 4450 2419 4451 ’
2474 4506 2477 4507 ⁷
