3384 5525
337 789 339 791 ’
378 781 486 859 1170.]
763 796 941 843 urusronar.
1264 792 1322 850 ‘241

371 972 489 1014 vacuas
503 972 542 1012 ex
559 971 673 1035 magna
693 962 783 1033 parte
798 962 1011 1035 consumptas,
1029 967 1061 1015 et
1084 952 1196 1015 horrca
1218 953 1324 1017 demo-

371 1051 441 1127 lita,
453 1063 485 1113 et
501 1073 588 1114 areas
603 1048 715 1129 nudas,
725 1063 756 1114 et
772 1050 832 1113 boc
843 1049 883 1112 ad
900 1049 1143 1115 consolationem
1160 1051 1323 1118 diuturnae

370 1150 608 1239 proscriptionis
629 1165 662 1216 et
684 1150 937 1215 emendationem
962 1152 1116 1236 sacrilegii
1139 1157 1320 1239 perpetrati.

370 1256 415 1319 Et
432 1276 533 1339 quum
551 1276 614 1338 pax
629 1266 737 1317 nostra
752 1252 843 1316 nobis
858 1256 890 1317 in
908 1256 987 1318 sesto
1001 1256 1105 1319 beatae
1120 1256 1322 1341 Magdalenae

370 1355 483 1420 fuisset
498 1356 679 1431 reformata,
695 1367 727 1418 et
743 1354 959 1419 serenissimus
982 1356 1129 1420 dominus
1144 1372 1251 1422 noster
1266 1383 1321 1423 rex

370 1458 438 1522 filio
452 1480 510 1521 suo
525 1478 610 1520 novo
624 1456 692 1542 regi
714 1455 830 1521 litteris
853 1457 1036 1541 patentibus
1057 1460 1269 1544 praecepisset,
1287 1475 1322 1526 ut

370 1559 607 1645 archiepiscopo
616 1569 647 1622 et
661 1557 727 1621 suis
738 1558 842 1620 omnia
854 1558 1097 1622 restituerentur
1108 1560 1140 1622 in
1150 1560 1323 1645 integrum,

370 1674 466 1747 prout
496 1661 624 1724 fuerant
650 1659 754 1724 tribus
780 1659 942 1724 mensibus
971 1674 1142 1744 antequam
1171 1662 1320 1746 Angliam

370 1763 608 1850 egrederentur,
622 1784 730 1824 omnes
746 1774 850 1825 tamen
870 1761 992 1825 reditus
1008 1762 1133 1825 nornine
1148 1764 1217 1849 ejus
1240 1787 1320 1849 prae-

371 1866 453 1951 repti
484 1877 570 1943 sunt,
600 1864 656 1950 qui
690 1886 793 1949 usque
825 1863 866 1928 ad
901 1862 1004 1928 natale
1038 1864 1168 1928 Domini
1201 1866 1320 1952 percipi

370 1979 555 2055 potuerunt.
601 1965 713 2030 Plures
727 1966 937 2051 possessiones
952 1977 984 2029 et
999 1964 1145 2031 ecclesias
1160 1990 1238 2052 quas
1252 1967 1321 2053 ipso

365 2070 440 2155 jure
472 2081 505 2134 et
540 2070 661 2131 ratione
694 2067 778 2152 pacti
811 2066 959 2131 conventi
994 2067 1118 2132 restitui
1154 2069 1321 2154 oportebat

369 2170 507 2235 ecclesiae
524 2168 756 2247 Cantuarieusi,
771 2168 876 2252 adhuc
899 2167 1037 2254 publicae
1059 2170 1225 2253 potestatis
1247 2192 1322 2236 auc-

370 2271 500 2334 toritate
522 2280 678 2353 occupant
702 2267 845 2332 curiales.
902 2270 975 2352 Ego
997 2268 1080 2331 inter
1105 2281 1235 2334 caeteros
1258 2293 1322 2333 una

370 2373 498 2438 ecclesia
512 2372 657 2457 privatus
672 2394 740 2434 sum
757 2395 831 2454 quae
846 2370 880 2433 xl
899 2373 1026 2435 Marcas
1041 2394 1162 2435 annuas
1179 2372 1320 2438 solvebat

369 2472 556 2539 antecessori
581 2495 660 2537 meo.
707 2471 851 2557 Contigit
878 2485 983 2537 autem
1009 2494 1060 2536 me
1086 2472 1194 2536 triduo
1219 2476 1321 2561 appli-

368 2598 438 2640 care
460 2587 534 2638 ante
560 2586 687 2637 octavas
710 2572 795 2637 beati
823 2573 969 2649 Martini,
992 2584 1024 2637 ot
1046 2574 1078 2636 in
1102 2576 1179 2659 ipsis
1201 2575 1321 2639 octavis

367 2690 434 2742 erat
457 2678 611 2741 Cantuar.
636 2675 784 2761 Synodus
804 2674 1003 2753 celebranda,
1022 2676 1054 2737 in
1078 2698 1144 2760 qua
1165 2697 1214 2738 me
1238 2677 1321 2740 vices

367 2780 507 2847 absentis
518 2779 745 2865 archiepiscopi
757 2802 867 2864 gerere
878 2778 1055 2864 oportebat.
1087 2780 1195 2854 Quum
1211 2778 1319 2863 itaque

367 2897 485 2972 praeter
507 2905 606 2968 spem,
629 2894 661 2946 et
685 2894 795 2945 contra
817 2882 931 2944 bonam
959 2880 1138 2965 opinionem
1162 2891 1194 2944 et
1220 2879 1320 2946 bonas

367 2985 590 3073 promissiones
619 2984 741 3048 domini
766 2983 850 3068 regis
877 2982 919 3046 sic
942 2981 1047 3044 omnia
1074 2981 1204 3044 turbata
1229 3005 1318 3068 repe-

367 3090 489 3165 rissem,
504 3098 539 3151 ut
563 3085 604 3149 de
625 3109 703 3171 pace
719 3099 826 3148 nostra
849 3097 880 3148 et
903 3084 942 3147 de
965 3082 1070 3146 reditu
1092 3082 1318 3169 archiepiscopi

366 3192 590 3276 desperaretur
610 3188 651 3251 ab
666 3188 823 3266 omnibus,
838 3200 870 3251 et
893 3210 943 3250 me
965 3197 1117 3271 tanquam
1141 3184 1173 3248 in
1196 3209 1319 3250 carcere

365 3293 506 3380 positum
529 3290 737 3374 agnovissem,
753 3289 843 3354 vultu
867 3288 958 3351 hilari
982 3300 1014 3352 et
1036 3286 1140 3350 animo
1162 3289 1318 3354 constanti

367 3392 574 3460 Cantuariam
590 3391 680 3476 petii,
697 3391 753 3454 ubi
769 3413 788 3454 a
805 3390 889 3454 clero
911 3402 942 3454 et
965 3393 1086 3476 populo
1107 3412 1179 3454 cum
1203 3414 1319 3475 magno

365 3496 485 3560 honore
504 3506 536 3557 ct
559 3492 650 3578 quasi
666 3491 800 3577 angelus
820 3491 952 3556 Domini
975 3505 1121 3577 receptus
1145 3514 1226 3573 sum,
1240 3493 1317 3557 fide-

365 3596 451 3663 libus
472 3597 540 3682 jam
566 3617 606 3657 ex
632 3592 767 3656 adventu
796 3616 865 3656 meo
892 3592 1022 3657 meliora
1048 3593 1258 3677 sperantibus,
1280 3618 1317 3657 eo

364 3698 453 3786 quod
468 3698 513 3761 eis
528 3718 714 3782 persuasum
731 3708 798 3759 erat
821 3694 908 3779 quod
929 3717 979 3757 me
995 3693 1083 3757 nullo
1106 3695 1200 3758 modo
1215 3696 1317 3760 archi·

364 3802 533 3887 episcopus
545 3798 758 3883 praemisisset,
768 3797 793 3859 si
805 3819 867 3858 non
879 3809 959 3860 esset
968 3796 1000 3859 io
1012 3796 1099 3860 brevi
1111 3810 1316 3882 sequuturos.

365 3900 448 3965 Inde
474 3899 596 3986 synodo
620 3899 778 3961 celebrata
804 3896 844 3960 ad
870 3920 988 3962 novum
1015 3921 1120 3982 regem
1148 3913 1317 3984 provectus

364 4026 447 4079 sum,
463 4016 495 4066 et
514 4002 589 4079 satis
611 3999 748 4064 humane
770 4013 928 4085 receptus,
943 4000 1016 4064 licet
1039 4002 1246 4067 concustodes
1269 4005 1318 4068 sui

363 4105 484 4190 aliquid
525 4104 647 4169 timoris
686 4103 936 4188 praetenderunt,
974 4104 1169 4190 suspicantes
1208 4130 1317 4192 pacem

364 4208 531 4272 nobiscum
556 4229 618 4269 non
645 4204 829 4290 simpliciter
854 4207 968 4269 factam
996 4229 1074 4283 esse,
1100 4207 1152 4270 sed
1179 4209 1317 4274 rancoris

364 4309 470 4395 palam
493 4307 615 4372 remissi
629 4306 752 4370 firmius
776 4307 895 4369 haerere
917 4305 1048 4369 radices.
1093 4308 1187 4380 Quod
1204 4309 1261 4372 etsi
1277 4333 1316 4372 ex

366 4410 461 4475 variis
481 4410 579 4496 signis
599 4421 743 4495 patenter
759 4408 967 4487 adverterem,
984 4408 1027 4470 sic
1043 4407 1104 4492 legi
1121 4432 1156 4472 ac
1172 4411 1196 4472 si
1212 4412 1317 4476 omnia

408 4533 482 4579 von.
500 4532 537 4576 11.
832 4530 855 4572 11
