3384 5525
379 771 490 851 lton]
766 786 943 831 amaruan.
1268 776 1327 836 221

375 953 524 1004 statuens
537 941 621 1002 inter
646 937 794 1002 malleum
809 953 842 1001 et
860 937 1026 1000 incudem:
1058 937 1113 1000 sed
1128 939 1170 1001 de
1183 941 1330 1005 omnibus

374 1044 425 1108 bis
440 1042 556 1105 liberat
570 1064 624 1103 eos
639 1040 809 1116 Dominus,
823 1054 857 1102 et
872 1039 1022 1125 probatos
1035 1038 1200 1104 illustriori
1215 1064 1331 1105 corona

374 1144 543 1230 glorificat.
604 1144 638 1205 Si
667 1142 826 1204 licentiam
861 1141 963 1227 (quod
995 1157 1098 1205 tamen
1129 1166 1190 1206 non
1221 1144 1329 1223 credo)

373 1246 604 1312 transfretandi
628 1244 816 1317 obtinuerit,
843 1244 941 1306 timeo
966 1265 1006 1305 ne
1030 1258 1176 1329 cogatur,
1198 1268 1261 1309 non
1286 1247 1328 1310 ad

372 1373 479 1429 snum,
494 1348 549 1412 sed
564 1348 723 1411 exactoris
736 1346 905 1409 arbitrium
924 1345 1093 1429 appellare.
1138 1348 1172 1413 Si
1187 1349 1270 1411 enim
1286 1349 1327 1411 ad

371 1468 490 1516 nutum
506 1450 608 1536 ipsius
619 1472 681 1511 non
696 1447 904 1533 processerint
918 1447 1075 1525 universa,
1085 1450 1328 1514 exacerbabitur

372 1554 574 1641 impatientia
594 1554 677 1637 ejus,
700 1550 752 1613 cui
774 1550 855 1613 citra
875 1549 1010 1612 aliorum
1033 1551 1224 1614 eversionem
1248 1553 1327 1616 nihil

372 1669 421 1721 est
443 1656 530 1719 satis.
575 1656 611 1719 Si
635 1653 856 1739 processerint,
877 1651 1006 1736 justitia
1027 1649 1235 1737 relinquetur.
1282 1656 1325 1718 Et

373 1783 439 1845 quo
455 1758 534 1823 nihil
559 1757 701 1821 (leterius
722 1768 779 1820 aut
801 1755 930 1840 turpius
950 1768 1009 1828 est,
1024 1754 1205 1818 offendetur
1226 1759 1325 1822 Deus.

374 1862 408 1925 Si
424 1860 525 1948 (quod
542 1861 644 1946 magis
657 1859 763 1939 credo)
780 1858 985 1922 transfretare
1000 1857 1217 1941 prohibeatur,
1229 1861 1325 1924 timeo

372 1986 412 2027 ne
427 1963 516 2026 solus
538 1962 710 2025 subsistere
724 1983 786 2023 non
810 1960 922 2044 possit,
938 1971 986 2022 tot
1009 1958 1130 2022 insidiis
1150 1960 1325 2045 appetitus,

372 2079 418 2129 tot
434 2077 630 2150 provocatus
641 2063 776 2147 injuriis,
787 2076 819 2125 et
832 2061 1007 2125 tortoribus
1017 2061 1139 2125 cunctis
1149 2061 1322 2147 expositus.

371 2171 456 2233 Nam
472 2180 504 2231 et
520 2168 580 2229 boc
591 2165 724 2229 fortasse
739 2164 898 2227 mandatis
911 2161 1143 2248 principalibus
1157 2164 1322 2229 inseretur.

370 2270 487 2335 Mitius
516 2282 634 2343 tamen,
665 2268 691 2330 si
720 2266 798 2352 quid
829 2280 1030 2329 mansuetum
1064 2289 1131 2329 esse
1160 2266 1261 2332 valeat
1289 2268 1321 2331 in

373 2373 552 2448 tormentis,
579 2370 705 2434 tolerari
735 2382 887 2454 poterunt
916 2368 1079 2431 inferiores
1105 2368 1239 2433 ministri
1267 2372 1322 2434 Sa·

372 2476 491 2549 thanae,
513 2496 611 2559 quam
637 2471 690 2535 ille
716 2493 855 2556 praesens
880 2469 936 2556 qui
958 2470 1161 2553 exigentibus
1186 2473 1323 2556 peccatis

370 2574 521 2658 majorem
535 2570 668 2633 nocendi
680 2569 801 2655 accepit
812 2592 831 2631 a
843 2570 982 2632 Domino
992 2582 1194 2653 potestatem.
1226 2574 1322 2637 Unde

371 2673 549 2739 consultius
577 2674 726 2751 arbitror,
756 2685 793 2734 ut
822 2670 977 2756 quamdiu
1008 2695 1065 2759 per
1093 2672 1322 2759 dispensatoria

370 2775 570 2850 diverticula,
598 2799 669 2860 quae
695 2788 799 2838 tamen
825 2775 985 2860 justitiam
1015 2776 1197 2840 nullatenus
1222 2778 1321 2862 impe-

370 2876 472 2953 diant,
503 2876 637 2940 evadere
666 2875 795 2960 poterit,
824 2878 982 2959 patienter
1010 2875 1134 2939 interim
1166 2879 1319 2944 sustineat

367 2980 512 3045 habitare
542 3002 614 3043 cunr
646 2979 717 3043 filiis
748 2978 863 3056 Cedar,
891 2992 1062 3062 expectans
1090 2978 1256 3042 consilium
1286 2994 1318 3046 et

367 3082 612 3146 consolationem
628 3106 646 3147 a
663 3081 813 3144 Domino.
860 3084 893 3144 Si
909 3102 981 3143 vero
997 3102 1102 3165 regern
1121 3080 1224 3144 redire
1246 3105 1319 3147 con-

366 3184 485 3269 tigerit,
500 3197 532 3248 et
548 3183 661 3247 durius
675 3182 881 3247 conveniatur
897 3195 933 3246 ut
949 3195 1086 3247 transeat
1101 3183 1132 3246 in
1148 3183 1316 3271 collegium

366 3288 548 3373 impiorum,
565 3310 672 3350 vocem
688 3286 837 3372 pontifice
853 3285 980 3370 dignam
997 3300 1106 3352 exerat
1120 3287 1153 3350 in
1169 3287 1315 3373 spiritum

366 3389 534 3466 libertatis,
557 3404 588 3453 et
612 3409 780 3475 antequam
810 3388 905 3452 laedat
930 3387 1067 3452 ecclesiae
1093 3389 1316 3470 conditionem,

366 3505 494 3578 sumpta
512 3514 608 3577 quam
633 3494 723 3554 Deus
738 3490 929 3555 ministrabit
953 3490 1083 3555 honesta
1104 3516 1207 3569 causa,
1224 3512 1316 3562 exeat

365 3595 405 3659 de
427 3595 532 3657 medio
554 3593 740 3679 Babylonis,
755 3615 794 3655 ne
816 3606 950 3677 tangens
967 3593 1165 3658 immundum
1182 3600 1316 3685 accipiat

367 3695 406 3758 de
436 3694 540 3780 plagis
568 3695 648 3780 ejus,
677 3695 799 3771 funem,
830 3694 856 3758 si
885 3694 962 3757 alias
992 3694 1071 3760 solvi
1100 3719 1161 3760 non
1197 3712 1315 3785 potest,

366 3819 527 3881 rumpenS,
537 3819 576 3859 ne
591 3819 662 3859 curn
680 3796 821 3882 periculo
832 3794 1031 3859 conscientiae
1042 3809 1073 3859 et
1090 3809 1164 3861 nota
1176 3798 1315 3864 infamia¹

366 3896 564 3961 salvatricem
599 3912 733 3982 cogatur
765 3918 912 3981 rumpere
946 3896 1120 3963 caritatem.
1183 3902 1313 3966 Interim

365 4000 440 4084 qnia
466 4013 513 4063 tot
540 4000 696 4084 angustiae
725 3999 868 4085 undique
896 3998 1073 4078 imminent,
1099 4002 1240 4084 consulo,
1266 4016 1314 4082 ut,

363 4113 523 4186 qnatenus
551 4102 679 4188 poterit,
704 4101 744 4165 de
771 4102 866 4164 rebus
895 4105 960 4167 suis
986 4100 1156 4186 prospiciat
1184 4102 1255 4181 sibi,
1280 4117 1311 4167 et

364 4203 500 4267 maxime
526 4228 612 4290 spem
642 4226 762 4290 ponens
786 4204 817 4266 in
844 4205 996 4290 operibus
1021 4202 1254 4280 misericordiae,
1280 4219 1311 4269 et

363 4307 559 4372 orationibus
583 4321 771 4373 sanctorum.
817 4309 870 4374 Sic
892 4311 986 4384 enim,
1002 4306 1090 4393 quod
1114 4318 1147 4370 et
1169 4305 1269 4386 illum,
1285 4309 1311 4373 si

361 4408 502 4474 nondum
519 4408 607 4494 legit,
622 4409 725 4495 legere
740 4409 898 4488 desidero,
913 4429 1048 4492 magnus
1073 4404 1209 4473 Basilius
1224 4429 1257 4472 se
1278 4421 1311 4477 et
