3384 5525
375 809 547 891 ilva-t]
772 826 951 875 omsrotm.
1261 818 1324 877 289

369 1001 454 1043 nunc
476 978 662 1064 requiritur,
684 978 737 1043 sed
761 980 856 1044 etiam
880 980 1025 1055 aliorum,
1050 980 1104 1066 qui
1126 986 1166 1046 ob
1187 980 1318 1045 eandem

367 1103 508 1144 caussam
525 1080 651 1159 damna,
662 1081 811 1157 ludibria,
827 1094 859 1146 et
873 1081 1000 1146 verbera
1014 1082 1138 1168 experti
1147 1085 1319 1168 proscripti

368 1194 455 1261 sunt,
465 1182 651 1247 incarcerati
666 1196 752 1258 sunt,
763 1183 795 1245 iu
811 1183 941 1246 exilium
953 1184 1039 1247 missi
1052 1195 1138 1263 suut,
1151 1196 1183 1249 et
1198 1184 1264 1247 fere
1279 1184 1319 1248 de

368 1297 437 1348 toto
448 1285 524 1348 orbe
539 1287 664 1363 Latino,
676 1284 760 1348 unde
772 1284 990 1369 migraverunt
999 1286 1040 1350 ad
1053 1287 1238 1365 Dominum,
1248 1308 1319 1371 pas-

370 1385 495 1449 sionum
506 1408 633 1450 suarum
645 1386 833 1466 debitam,et
846 1410 920 1471 quae
930 1391 1037 1452 Deum
1049 1388 1206 1466 decentet
1219 1388 1316 1472 prosit

367 1487 846 1573 ecclesiae,expetuntultionem.
861 1487 1317 1575 lnhisitaquelaetanturjusti,

367 1587 423 1674 qui
431 1587 717 1653 videutviudictam
725 1589 861 1675 justitiae
871 1612 1038 1653 consonam
1049 1593 1109 1655 Dei
1115 1589 1225 1674 gloriae
1235 1587 1318 1652 mili-

368 1701 446 1765 tare,
462 1688 604 1754 lavantes
623 1690 734 1775 utique
758 1713 870 1753 manus
892 1714 964 1754 suas
984 1694 1016 1756 in
1038 1693 1189 1775 sanguiue
1208 1712 1317 1775 pecca-

370 1802 486 1853 torum.
517 1795 599 1855 Haec
614 1792 794 1856 summatim
806 1793 847 1855 de
859 1792 918 1868 his,
930 1815 1004 1877 quae
1016 1793 1219 1878 publicantur
1230 1789 1317 1876 apud

367 1914 435 1967 nos,
452 1893 507 1956 ubi
526 1894 611 1957 solus
625 1894 678 1957 ille
698 1906 788 1958 tutus
802 1907 861 1970 est,
877 1905 973 1979 quem
988 1895 1077 1958 furor
1091 1894 1243 1977 exagitat,
1260 1905 1317 1957 aut

368 2014 464 2077 quem
493 1994 633 2079 Spiritus
659 2007 785 2059 sanctus
810 1993 905 2058 efficit
928 1994 1068 2058 omnium
1095 1992 1315 2079 temporalium

367 2104 627 2179 contemptorem.
673 2095 765 2159 Foris
784 2099 867 2160 enim
888 2094 993 2159 adstat
1008 2094 1143 2179 gladius,
1160 2095 1254 2158 timor
1269 2094 1317 2157 in·

369 2207 439 2258 tus:
470 2196 548 2260 civis
568 2209 601 2261 et
624 2197 725 2261 hostis
739 2196 770 2259 iu
787 2196 897 2259 eodem
919 2198 983 2261 lere
998 2210 1165 2261 versantur
1184 2195 1315 2260 calculo.

368 2299 487 2359 Nostra
497 2310 603 2361 autem
616 2322 680 2362 sors
691 2298 932 2362 conviventibus
942 2299 1142 2384 adaequatur,
1152 2299 1214 2362 nisi
1229 2296 1316 2383 quod

366 2396 449 2460 inter
471 2398 606 2483 Scyllam
623 2412 655 2463 et
672 2398 868 2482 Charybdim
894 2399 1099 2484 periculosius
1118 2400 1315 2483 navigantes,

369 2494 546 2560 evidentior
569 2520 666 2583 supra
688 2510 720 2561 et
740 2509 849 2560 contra
872 2500 983 2561 merita
1002 2510 1110 2561 nostra
1132 2497 1193 2560 Dei
1209 2494 1318 2580 propi-

369 2594 459 2660 tiatio
471 2598 838 2681 benigniusconsolatur.
862 2599 945 2660 Nam
962 2610 998 2661 ut
1014 2597 1073 2662 sibi
1085 2599 1187 2681 magis
1203 2595 1315 2659 reddat

368 2697 532 2777 obnoxios,
547 2699 734 2765 intentatae
750 2700 853 2764 vicino
868 2698 1006 2764 ostendit
1022 2698 1172 2785 pericula,
1188 2712 1219 2764 et
1235 2697 1314 2759 vali·

365 2800 1315 2888 diusirruentiasaepelongiusfortiusquerepellit,utmerito

366 2903 471 2967 dicere
486 2904 676 2969 debeamus:
701 2905 763 2978 Qui
788 2892 961 2967 Dominum
984 2905 1108 2980 Jesum,
1132 2903 1208 2967 velit
1235 2902 1315 2966 nolit

366 2999 516 3074 mundus,
525 3021 619 3084 super
628 2999 733 3062 omnia
744 2999 945 3063 benedictum
952 2999 1136 3083 nondiligit,
1146 3000 1315 3064 anathema

366 3103 414 3164 sit
460 3103 575 3164 Vestra
604 3112 722 3179 autem,
750 3125 824 3187 quae
853 3102 886 3164 iu
915 3102 1061 3187 partibus
1090 3102 1204 3166 uostris
1229 3114 1315 3183 sunt,

365 3201 474 3265 multis
489 3200 637 3285 periculis
651 3216 866 3286 exponuntur.
897 3203 1006 3267 Nostri
1021 3216 1166 3288 potentes
1180 3202 1314 3266 circum-

366 3325 495 3389 quaque
510 3303 543 3366 in
559 3301 652 3387 lupos
666 3304 807 3367 conversi
831 3320 917 3383 sunt,
934 3329 1013 3391 quos
1028 3305 1173 3391 improba
1192 3305 1313 3370 ventris

364 3403 432 3488 agit
453 3403 620 3489 ingluvies,
638 3415 673 3467 ut
683 3406 760 3488 jura
775 3417 1010 3492 potestatesque
1031 3418 1243 3470 contemnant.
1267 3408 1314 3472 Et

364 3503 423 3568 nisi
435 3503 582 3583 hominis,
596 3503 647 3568 cui
661 3503 792 3568 domum
804 3508 1014 3585 commisistis,
1028 3508 1187 3572 laboriosa
1200 3521 1231 3571 et
1247 3507 1314 3570 effi-

364 3627 423 3669 cax
435 3606 631 3669 subvenisset
647 3605 814 3685 industria,
825 3609 894 3692 jam
906 3610 994 3673 nullo
1006 3624 1062 3674 aut
1073 3633 1146 3676 raro
1155 3609 1313 3673 coleretur

362 3707 549 3772 habitatore.
572 3707 707 3782 Qualem
731 3730 805 3770 vero
819 3708 905 3772 illam
920 3711 1087 3788 invenerit,
1103 3710 1164 3774 alia
1180 3711 1247 3774 vice
1261 3733 1313 3775 me

363 3808 451 3873 vobis
463 3810 621 3894 scripsisse
636 3809 773 3885 memini,
786 3823 818 3873 et
833 3833 853 3873 a
864 3811 1013 3875 memoria
1028 3824 1132 3877 vestra
1146 3834 1209 3877 non
1229 3811 1313 3876 arbi·

363 3924 429 3974 tror
444 3911 606 3976 excidisse.

408 4014 515 4089 Quum
538 4015 619 4076 enim
643 4014 719 4078 illuc
734 4015 766 4076 in
788 4014 917 4100 propria
938 4038 1072 4101 persona
1085 4016 1233 4080 accedere
1247 4036 1311 4077 non

363 4113 511 4190 valerem,
521 4113 703 4200 diligentem
716 4115 756 4178 de
766 4116 944 4180 domesticis
956 4117 1069 4182 uostris
1079 4117 1309 4202 exploratorem

364 4213 479 4290 direxi,
501 4227 533 4278 et
554 4216 662 4280 audita
676 4238 732 4301 per
754 4238 825 4280 eum
850 4229 952 4280 status
975 4215 1189 4281 melioratione
1211 4213 1311 4276 mani·

363 4315 456 4390 festa,
471 4314 602 4398 gavisus
622 4339 699 4381 sum.
744 4318 819 4379 Jam
842 4317 924 4378 enim
947 4339 996 4380 res
1017 4317 1146 4380 directae
1163 4325 1253 4378 erant
1274 4312 1307 4375 iu

362 4416 449 4478 hunc
471 4415 652 4494 articulum,
676 4432 712 4482 ut
736 4417 760 4481 si
784 4418 941 4481 Dominus
963 4440 1072 4504 pacem
1087 4417 1187 4493 daret,
1210 4426 1242 4480 et
1263 4413 1311 4477 ibi

411 4537 483 4581 von.
503 4537 540 4583 11.
826 4538 849 4582 u
