3384 5525
247 743 356 823 lios]
635 762 812 808 irrisionis.
1143 753 1203 811 119

242 918 360 980 darent
374 916 406 978 in
429 914 555 977 deserto
578 914 756 978 seeundum
779 938 898 978 morem
922 918 1074 998 gentium,
1097 931 1128 981 et
1143 942 1199 982 ex·

243 1031 397 1103 torquens
419 1016 632 1101 caputbovis
655 1038 712 1101 pro
734 1018 877 1093 numine,
901 1032 934 1082 et
956 1042 1014 1102 pro
1037 1021 1200 1104 majestate

243 1119 382 1184 adorans
396 1117 517 1182 idolum
533 1115 540 1179 !
565 1118 621 1181 sed
638 1119 721 1182 sicut
736 1118 818 1181 illud
834 1121 1007 1183 contritum
1020 1130 1069 1183 est
1084 1122 1200 1203 Moyse

242 1221 409 1297 redeunte,
424 1220 470 1283 ita
484 1230 516 1283 et
532 1218 611 1282 illud
633 1220 861 1304 quodcumque
878 1221 969 1284 vobis
985 1220 1094 1285 datum
1106 1223 1201 1286 fuerit

242 1322 366 1386 idolum
388 1324 633 1386 convalescente
654 1322 726 1404 lege
751 1322 896 1400 Domini,
918 1334 950 1385 ct
970 1323 1011 1386 ad
1027 1325 1198 1387 ecclesiam

243 1425 396 1488 redeunte
405 1424 542 1509 justitia,
559 1434 748 1487 conteretur.
795 1424 881 1486 lllud
895 1424 929 1485 in
939 1425 1101 1508 pulverem
1112 1447 1199 1489 com-

244 1526 404 1590 minutum
435 1547 581 1609 sparsum
608 1536 657 1589 est
686 1525 719 1587 in
748 1525 906 1607 liquorem
936 1548 1031 1609 quem
1061 1530 1200 1610 populus

244 1629 404 1692 bibiturus
419 1640 496 1705 erat,
511 1639 547 1691 ut
563 1627 610 1691 sic
627 1626 715 1711 quod
731 1626 951 1703 adoraverant,
974 1649 1099 1708 egerere
1115 1650 1200 1690 com·

244 1732 447 1815 pellerentur.
492 1732 537 1795 Et
560 1728 707 1814 quisquis
735 1729 789 1792 ille
812 1730 863 1806 sit,
893 1730 998 1793 carnis
1020 1752 1112 1814 opus,
1135 1751 1200 1793 non

245 1833 322 1908 Dei,
337 1831 364 1895 si
379 1843 486 1897 tamen
500 1834 584 1896 bene
600 1853 674 1895 cum
689 1832 747 1895 illo
759 1833 874 1913 agitur,
890 1832 1048 1916 decapite
1064 1844 1201 1895 vertetur

245 1935 281 1998 in
292 1935 482 2014 caudam,et
496 1936 555 1999 erit
569 1935 765 1999 abominatio
781 1934 960 1998 timentium
976 1935 1092 1997 Deum.
1118 1936 1202 1997 Nam

246 2037 276 2100 si
290 2038 385 2114 male,
401 2059 466 2099 non
481 2037 658 2101 invenietur
673 2038 764 2100 locus
780 2036 848 2119 ejus
862 2037 896 2097 in
912 2048 993 2098 terra
1008 2045 1200 2112 sanctorum,

249 2159 349 2220 quam
384 2137 584 2218 dignoscitur
617 2137 845 2219 prophanasse.
906 2135 972 2198 Sed
1006 2159 1069 2219 quo
1105 2145 1201 2219 pacto

245 2240 377 2320 accidit,
406 2239 494 2324 quod
532 2240 625 2323 primi
663 2240 746 2301 inter
777 2259 888 2300 omnes
927 2239 1080 2302 ccclesias
1114 2239 1203 2320 regni

247 2342 347 2405 totius
361 2342 495 2425 priorem
512 2364 531 2405 a
552 2340 699 2425 principe
714 2341 896 2405 credidistis
910 2363 981 2404 esse
1003 2341 1200 2424 petendum?

247 2443 309 2507 hac
332 2442 463 2507 sortasse
493 2444 629 2519 cautela,
658 2465 699 2506 ne
723 2442 763 2505 de
794 2453 911 2506 caetero
941 2444 1109 2507 vendicare
1139 2444 1202 2507 sibi

248 2544 416 2629 quippiam
440 2546 542 2628 possit
559 2546 822 2628 archiepiscopus
838 2545 872 2607 in
893 2546 1055 2609 creatione
1078 2546 1201 2630 prioris.

250 2643 326 2705 Non
342 2641 400 2720 sic,
416 2641 538 2717 fratres,
553 2663 618 2705 non
635 2642 693 2716 sic,
711 2644 788 2726 quin
799 2643 907 2725 potius
919 2644 1090 2707 verendum
1101 2644 1205 2707 suerat

248 2764 291 2806 ne
300 2741 358 2828 jus
373 2743 525 2808 amittatis
535 2743 715 2828 antiquum,
730 2743 807 2807 dum
817 2744 851 2808 in
861 2746 1060 2829 prophanam
1074 2745 1205 2830 pergitis

248 2843 450 2922 abusionem,
479 2854 511 2906 et
538 2843 737 2926 privilegium
768 2843 993 2906 demereamini
1029 2846 1205 2926 proprium,

248 2968 350 3030 quum
366 2945 536 3028 praeripitis
551 2946 701 3008 alienum.
725 2945 857 3008 Utinam
870 2946 1022 3027 perniciei
1033 2946 1129 3026 hujus
1140 2967 1204 3007 uon

249 3048 423 3113 dedissetis
442 3048 637 3129 exemplum,
663 3047 751 3110 beati
771 3046 943 3109 Benedicti
962 3047 1129 3109 formulam
1150 3048 1206 3111 de·

250 3160 403 3227 serentes,
418 3159 508 3230 tergo
523 3160 679 3212 vertentes
694 3149 736 3212 ad
750 3151 866 3232 legem,
880 3149 1036 3230 neglectis
1052 3152 1205 3214 constitu·

249 3255 404 3330 tionibus,
425 3253 542 3337 quibus
566 3252 668 3314 sancti
684 3252 794 3315 Patres
815 3251 994 3315 docuerunt
1012 3252 1205 3318 Christianis

250 3377 323 3421 esse
352 3354 535 3419 vivendum.
591 3354 717 3426 Quibus
752 3364 859 3417 autem
888 3355 1064 3419 rationibus
1087 3358 1206 3420 aboleri

251 3459 371 3544 poterit
400 3457 548 3531 eelebriS,
572 3467 605 3520 et
627 3458 754 3537 vulgata
778 3455 912 3541 opinio?
943 3456 1052 3522 Priore
1082 3473 1206 3523 mortuo

251 3560 385 3624 misistis
393 3556 436 3622 ad
446 3559 580 3638 Regem.
603 3559 655 3620 De
666 3558 911 3642 archiepiscopo
920 3580 980 3622 nec
992 3560 1112 3622 mentio
1124 3562 1209 3625 facta

251 3671 302 3724 est
330 3660 414 3722 inter
438 3679 505 3720 vos.
550 3657 728 3721 Prudenter
749 3658 872 3741 utique,
896 3669 930 3721 ut
952 3660 1129 3722 absolveret
1152 3659 1206 3722 de-

251 3761 357 3825 functi
384 3759 489 3823 sratris
511 3760 651 3822 animam
673 3779 740 3837 rex,
764 3758 805 3821 ad
829 3779 925 3840 quem
942 3757 1016 3841 jura
1038 3760 1207 3823 sacerdotii

252 3861 388 3927 credunt
402 3862 458 3946 qui
473 3860 637 3945 desipiunt
659 3861 827 3945 pertinere.
872 3860 1024 3943 Alioquin
1046 3863 1126 3924 ratio
1140 3883 1207 3925 non

252 3963 396 4027 occurrit
409 3983 508 4046 quare
528 3983 637 4025 curam
658 3962 835 4025 animarum
853 3961 1007 4043 suscipiat
1028 3962 1144 4046 aliquis
1166 3962 1206 4026 de

252 4086 353 4129 manu
367 4065 447 4148 ejus,
468 4086 509 4128 ne
537 4065 614 4128 dum
629 4075 813 4142 vestrarum,
837 4064 892 4146 qui
916 4064 1029 4126 merito
1056 4061 1207 4140 scientiae,

252 4165 431 4246 religionis,
453 4176 487 4228 et
509 4165 674 4246 dignitatis
704 4165 780 4227 estis
801 4163 956 4247 incapite
983 4165 1084 4244 regni,
1108 4166 1211 4248 prima

253 4266 331 4330 sede
358 4267 611 4345 Britanniarum,
637 4288 657 4329 a
681 4267 823 4328 Domino
850 4266 1027 4343 constituti,
1053 4288 1117 4348 quo
1144 4278 1212 4328 tota

254 4368 358 4450 possit
379 4369 486 4432 insula
508 4390 565 4452 per
587 4388 643 4431 vos
665 4368 824 4441 illustrari,
849 4376 911 4429 tarn
937 4366 1090 4429 doctrinae
1113 4369 1210 4429 verbo
