3384 5525
374 762 480 846 tros]
757 780 935 826 rrrsrorn.
1265 772 1321 832 191

368 956 530 1020 praesumo
555 933 596 997 de
622 932 754 1005 meritis,
778 931 832 994 sed
859 932 900 995 de
925 931 1140 998 misericordia
1165 936 1245 1019 ejus,
1268 938 1325 1021 qui

367 1036 477 1101 fideles
492 1059 554 1099 non
573 1035 698 1120 patitur
720 1036 868 1120 temptari
893 1057 990 1121 supra
1012 1036 1045 1099 id
1069 1036 1157 1120 quod
1180 1053 1323 1122 possunt.

368 1138 552 1203 Meruimus
567 1138 716 1201 duriora:
741 1136 795 1200 sed
812 1136 1026 1200 misericordia
1040 1137 1109 1221 ejus
1124 1138 1207 1202 circa
1224 1141 1325 1225 poeni-

368 1252 473 1305 tentes
495 1238 659 1304 consuevit
681 1236 893 1323 praejudicare
910 1237 1044 1323 judicio.
1089 1241 1200 1305 Unum
1216 1256 1324 1308 autern

368 1354 414 1407 est
433 1342 522 1429 quod
538 1340 782 1428 supramodum
800 1342 909 1418 miror,
924 1341 1092 1405 nonnullos
1106 1366 1173 1406 esse
1193 1344 1225 1407 in
1241 1345 1325 1408 clero

369 1444 424 1531 qui
439 1467 528 1508 more
548 1445 572 1507 J
574 1444 740 1507 udaeorum
756 1441 1022 1527 conspiraverunt
1037 1466 1108 1507 cum
1125 1444 1323 1531 principibus

368 1546 568 1612 sacerdotum
584 1546 617 1610 in
640 1543 810 1632 perniciem
828 1545 899 1629 ejus
920 1547 977 1629 qui
993 1544 1079 1608 solus
1101 1546 1224 1612 laborat
1247 1549 1323 1613 exul

366 1662 397 1715 et
408 1651 621 1737 proscriptus,
631 1647 796 1734 expositus
805 1660 958 1730 tanquam
971 1647 1096 1729 signum
1106 1649 1148 1712 ad
1160 1652 1321 1734 sagittam,

368 1766 404 1817 ut
419 1765 512 1818 eruat
526 1775 580 1816 eos
594 1775 614 1815 a
628 1750 835 1816 tribulatione
855 1746 1012 1812 malorum
1027 1762 1060 1813 et
1074 1748 1193 1816 dolore.
1239 1753 1322 1817 Nam

368 1856 517 1919 dominus
532 1857 684 1919 Cantuar.
699 1873 898 1915 communem
915 1851 1056 1915 omnium
1072 1866 1222 1935 procurat
1235 1854 1321 1919 utili·

367 1970 477 2033 tatem,
508 1980 568 2044 pro
597 1956 745 2021 libertate
779 1952 918 2018 ecclesiae
953 1954 1096 2031 dimicat,
1124 1969 1247 2040 pugnat
1279 1957 1322 2021 ad

365 2060 494 2137 bestias,
506 2058 692 2145 sanguinem
705 2055 872 2120 sacerdotii
884 2055 1042 2121 sitientes:
1067 2079 1159 2120 suum
1176 2071 1208 2123 et
1221 2060 1321 2125 totius

363 2160 487 2246 generis
498 2160 547 2224 sui
559 2160 745 2243 sanguinem
758 2156 888 2220 minoris
899 2156 973 2220 fecit
990 2179 1087 2241 quam
1099 2179 1226 2220 causam
1244 2159 1320 2236 Dei,

365 2262 443 2325 dum
458 2260 562 2346 legem
584 2258 685 2344 ipsius
699 2257 740 2321 ad
759 2256 990 2321 subvertendas
1004 2257 1095 2321 fictas
1116 2270 1173 2322 aut
1195 2257 1322 2323 inolitas

365 2361 539 2447 pravitates
554 2372 735 2425 constanter
749 2381 846 2423 ausus
860 2371 908 2421 est
928 2357 1081 2443 profiteri.
1128 2358 1201 2423 Suis
1214 2361 1322 2425 hacte-

365 2487 425 2529 nus
435 2476 469 2528 et
481 2475 703 2527 extraneorum
716 2460 884 2546 stipendiis
895 2460 1054 2525 militavit.
1091 2462 1135 2525 Et
1145 2461 1179 2525 in
1191 2462 1322 2527 ecclesia

365 2564 547 2651 Anglicana
567 2564 640 2651 quis
661 2574 710 2628 est
731 2564 759 2627 ei
783 2563 935 2648 adjutor?
977 2564 1113 2628 Restant
1140 2563 1233 2650 plura
1255 2577 1321 2629 tuae

366 2664 494 2752 quidem
524 2664 787 2730 communicanda
815 2663 988 2744 dilectioni,
1015 2664 1068 2729 sed
1100 2688 1157 2731 suo
1185 2666 1319 2751 tempori

367 2781 579 2834 reservantur.

366 3072 587 3136 EPlSTOLA
609 3070 1139 3135 CCLXXX11.-l1>w1ssnacn
1154 3086 1320 3132 nnaoorr.

736 3172 782 3251 [s.
795 3190 825 3234 n.
845 3173 953 3252 llus]

624 3330 712 3393 Idem
734 3330 893 3393 Turstino
909 3330 947 3393 de
962 3329 1061 3393 Acolt.

405 3471 521 3532 Prona
535 3475 609 3528 sunt
623 3462 744 3544 (amice)
757 3485 831 3547 quae
844 3475 985 3548 nostram
998 3475 1190 3551 perpetuare
1201 3463 1319 3528 debent

363 3569 536 3640 caritatem,
553 3579 585 3630 et
606 3564 781 3629 officiorum
806 3565 1020 3642 sedulitatem,
1043 3565 1108 3628 sine
1132 3589 1195 3651 qua
1218 3566 1321 3630 virtus

364 3671 511 3735 amicitiae
520 3691 582 3733 non
596 3666 751 3746 subsistit,
760 3667 852 3732 nobis
862 3680 1009 3754 potenter
1021 3667 1174 3751 ingerere.
1210 3669 1320 3734 Primo

366 3783 527 3835 contracta
541 3766 740 3833 familiaritas
755 3791 794 3831 ex
810 3768 977 3832 convictu:
1010 3768 1124 3832 deinde
1139 3769 1227 3836 initae
1245 3770 1322 3856 jura

365 3871 532 3951 societatis,
548 3869 675 3957 quando
691 3869 794 3938 multo
817 3882 959 3956 tempore
975 3870 1035 3934 sub
1051 3870 1166 3934 eisdem
1183 3870 1322 3938 dominis

364 3972 598 4038 militabamus:
638 3985 798 4057 postremo
824 3971 912 4058 quod
936 3971 985 4034 vir
1008 3975 1193 4036 meritorum
1218 3972 1322 4040 titulis

365 4074 449 4138 omni
465 4074 561 4138 laude
576 4075 678 4159 major
696 4074 842 4138 dominus
865 4074 1006 4137 Joannes
1030 4073 1235 4138 Pictaviensis
1251 4076 1322 4142 vult

365 4187 399 4241 ut
414 4198 472 4239 uos
486 4175 621 4240 invicem
638 4173 821 4261 diligannu,
835 4186 868 4238 et
885 4175 1071 4239 studeamus
1093 4197 1149 4238 nos
1171 4176 1205 4238 in
1229 4175 1322 4241 alter-

366 4290 474 4342 utrum
487 4278 610 4341 mutuis
620 4276 731 4341 officiis
743 4276 927 4361 praevenire.
964 4279 1046 4341 Nam
1061 4290 1093 4342 et
1104 4276 1239 4362 gratiam
1253 4279 1323 4363 ejus

364 4377 404 4441 ad
435 4375 526 4442 illum
553 4399 755 4463 nequaquam
783 4375 899 4441 dubito
927 4376 1141 4454 minuendam,
1167 4398 1262 4458 quam
1290 4381 1322 4444 in
