3384 5525
364 768 405 826 90
622 778 756 823 roluurs
773 777 1054 823 sanasunnrnrrsrs
1222 760 1267 841 [Α.
1284 781 1314 823 n.

363 935 408 997 Et
431 932 515 995 sicut
535 930 589 996 hic
612 954 738 1015 semper
759 933 791 995 in
814 941 903 995 motu
923 942 1071 1007 versatur,
1088 940 1121 995 et
1143 930 1314 1015 impatiens

364 1046 413 1098 est
428 1034 555 1119 quietis,
569 1034 615 1097 ita
630 1035 754 1107 caritas,
770 1034 827 1097 otii
843 1034 965 1111 nescia,
978 1033 1098 1117 jugiter
1113 1034 1266 1113 officiosa,
1282 1056 1314 1098 se

363 1139 465 1222 ipsam
494 1156 619 1218 semper
647 1134 757 1219 aliquo
786 1135 894 1217 prodit
916 1134 1054 1199 indicio:
1094 1135 1121 1198 si
1146 1157 1213 1198 non
1241 1137 1316 1199 colit

362 1239 538 1323 obsequiis,
560 1239 587 1301 si
613 1238 864 1321 opportunitates
889 1258 955 1300 nou
981 1237 1126 1320 expedit,
1153 1238 1181 1300 si
1207 1239 1314 1322 prohi-

363 1347 456 1407 betur
475 1341 662 1405 utilitalibus
685 1340 854 1418 deservire,
870 1350 954 1403 certe
977 1342 1054 1425 quin
1073 1341 1154 1403 rotis
1176 1341 1316 1425 adjuvet,

365 1448 444 1531 quin
460 1443 626 1507 desideriis
648 1444 850 1527 obsequatur,
866 1442 943 1525 quin
966 1443 1115 1525 precibus
1138 1443 1317 1506 necessaria

363 1560 396 1611 et
407 1546 610 1630 expedientia
623 1554 782 1628 procuret,
793 1543 925 1606 omnino
941 1543 1109 1627 praepediri
1120 1566 1185 1607 non
1201 1554 1316 1626 potest.

364 1649 473 1733 Hujus
495 1648 601 1731 itaque
623 1657 776 1730 purgetur
797 1646 915 1723 officio,
932 1647 959 1709 si
983 1646 1062 1729 quid
1084 1647 1248 1710 temeritas
1269 1647 1315 1709 in·

363 1750 541 1835 scriptionis
556 1748 726 1811 videturin
750 1748 858 1810 limine
881 1749 1130 1831 praesumpsisse.
1175 1750 1221 1811 Et
1244 1749 1318 1833 quia

363 1853 494 1917 memini
523 1872 573 1913 me
602 1849 787 1933 promisisse
821 1871 988 1928 novorum,
1018 1872 1090 1934 qum
1121 1861 1318 1932 emergerent

365 1952 451 2037 apud
474 1971 545 2026 nos,
560 1949 896 2025 communicationem,
915 1969 1028 2031 pauca,
1052 1972 1124 2033 quae
1147 1961 1317 2034 postquam

365 2053 459 2117 robis
496 2049 610 2132 scripsi
648 2051 821 2113 novissime
852 2071 909 2134 per
945 2052 1133 2114 servientem
1171 2051 1320 2134 Magistri

366 2152 539 2235 Reginaldi
549 2152 701 2214 innovata
712 2161 797 2227 sunt,
810 2153 953 2217 adhibita
963 2155 1124 2218 celeritate
1137 2154 1319 2237 significare

368 2256 484 2321 curari.

409 2358 556 2422 Innotuit
581 2359 672 2422 vobis
697 2359 818 2443 praesati
846 2359 1013 2424 servientis
1039 2360 1216 2424 ministerio
1243 2360 1319 2445 quid

368 2471 474 2525 actum
500 2461 595 2524 sitin
619 2462 780 2546 colloquio
804 2462 1014 2526 cardinalium
1037 2476 1068 2527 et
1091 2462 1214 2526 domini
1236 2464 1320 2529 Can-

366 2562 534 2626 tuariensis
549 2564 631 2627 iuter
646 2564 826 2627 Gisorcium
849 2575 882 2628 et
904 2566 1021 2628 Triam.
1066 2565 1138 2628 Illis
1160 2577 1267 2629 autem
1282 2567 1321 2629 ab

367 2664 503 2727 invicem
542 2664 782 2729 discedentibus
822 2665 1002 2729 cardinales
1037 2667 1119 2730 adeo
1160 2669 1322 2730 turbatum

365 2790 473 2849 regem
495 2767 695 2846 invenerunt,
709 2779 745 2831 ut
766 2770 871 2852 palam
895 2780 1078 2853 quereretur
1099 2792 1134 2834 se
1157 2769 1319 2854 proditum

366 2892 436 2934 esse
448 2891 466 2932 a
478 2868 608 2932 domino
623 2890 709 2953 papa
724 2879 756 2932 et
769 2869 944 2933 minaretur
958 2890 992 2931 se
1008 2872 1048 2933 ab
1061 2890 1100 2932 eo
1112 2891 1323 2947 recessurum,

366 2973 428 3037 nisi
451 2970 492 3035 de
516 2971 738 3036 Cantuariensi
760 2972 1004 3055 archiepiscopo
1021 2971 1183 3055 justitiam
1205 2972 1323 3035 faceret

367 3075 522 3139 exhiberi.
582 3075 710 3138 Deinde
741 3074 850 3137 multis
884 3074 1026 3138 consiliis
1063 3073 1145 3137 ultro
1175 3074 1322 3157 citroque

366 3177 494 3255 habitis,
521 3188 552 3240 et
576 3199 650 3258 rege
678 3200 766 3241 nunc
792 3198 949 3261 proceres,
977 3198 1063 3240 nunc
1094 3175 1269 3260 episcopos
1293 3185 1324 3237 et

367 3280 510 3355 abbates,
532 3300 618 3341 nunc
646 3280 816 3343 familiares
843 3301 931 3356 suos,
954 3300 1040 3342 nunc
1068 3278 1249 3343 cardinales
1279 3277 1320 3341 si·

367 3380 443 3454 mul,
457 3399 543 3440 nunc
560 3380 692 3441 alterum
707 3381 776 3443 sine
801 3383 901 3443 altero
918 3382 1116 3456 consulente,
1130 3379 1263 3443 tandem
1288 3400 1321 3442 se

366 3480 407 3544 ad
416 3478 576 3563 justitiam
588 3481 714 3557 obtulit,
727 3480 839 3544 dicens
853 3503 887 3544 se
901 3496 1044 3565 paratum
1058 3503 1130 3544 esse
1143 3502 1202 3565 per
1216 3480 1323 3544 omnia

369 3593 450 3646 stare
467 3579 592 3663 judicio
609 3591 642 3644 et
656 3582 807 3645 mandato
823 3604 933 3647 eorum
951 3605 1046 3666 super
1068 3583 1221 3645 omnibus
1244 3603 1321 3666 que·

367 3683 452 3760 ralis,
467 3704 539 3766 quae
565 3693 728 3747 vertuntur
751 3686 833 3747 inter
857 3686 962 3767 ipsum
987 3695 1020 3748 et
1046 3685 1212 3748 dominum
1238 3683 1323 3749 Can·

368 3788 558 3851 tuariensem
575 3786 731 3871 adjiciens
747 3809 781 3850 se
797 3798 1018 3870 praestaturum
1035 3789 1068 3850 in
1085 3789 1178 3852 initio
1193 3809 1320 3851 omnem

368 3889 547 3951 cautionem
563 3899 627 3952 tam
642 3889 905 3973 juramentoriam
930 3913 1024 3976 quam
1042 3890 1276 3975 fidejussoriam
1292 3898 1323 3951 et

368 3990 553 4073 ampliorem
589 3991 616 4052 si
651 3991 830 4053 cardinales
861 3994 992 4068 vellent,
1022 3991 1111 4075 quod
1151 3990 1192 4054 de
1223 3990 1325 4055 verbis

368 4114 476 4159 eorum
492 4113 552 4154 nec
569 4092 634 4155 iota
648 4114 707 4155 nec
725 4093 851 4177 apicem
871 4096 1045 4177 preteriret
1066 4094 1323 4157 inobservatum:

368 4191 542 4262 dummodo
564 4193 621 4271 illi,
642 4193 728 4274 quod
750 4194 884 4257 minimo
907 4195 1040 4258 debetur
1061 4194 1197 4270 homini,
1219 4193 1254 4256 id
1277 4203 1324 4255 est

361 4294 529 4385 justitiam,
545 4292 743 4355 exhiberent.
789 4293 851 4356 Cui
876 4316 974 4378 quum
990 4292 1170 4356 cardinales
1194 4313 1323 4378 respon-

367 4403 499 4473 dissent,
515 4393 600 4476 quod
616 4417 679 4457 non
696 4407 888 4478 acceperant
911 4405 1101 4478 potestatem
1125 4417 1222 4478 super
1238 4394 1321 4458 Can·
