3384 5525
366 807 430 865 264
636 818 771 864 soannrs
787 815 1060 863 sanasaumnnus
1227 801 1273 876 [A.
1292 819 1320 862 n.

294 1009 297 1014 ·
369 969 458 1035 Absit
483 984 519 1032 ut
536 971 652 1034 veritas
675 969 772 1031 fallax
794 968 836 1032 sit
859 967 890 1031 in
914 966 1085 1052 promissis.
1134 966 1269 1049 Legitur
1290 969 1322 1032 in

370 1071 510 1135 Actibus
526 1070 755 1155 Apostolorum
772 1070 861 1155 quod
876 1069 1004 1155 qnidam
1018 1069 1160 1132 nondum
1174 1069 1322 1156 baptisati

370 1173 450 1236 citra
479 1172 700 1236 auctoritatem
737 1175 954 1257 apostolorum
994 1172 1149 1256 Spiritum
1180 1186 1320 1236 sanctum

369 1284 573 1356 acceperant:
612 1270 667 1335 sed
698 1271 856 1354 numquid
887 1272 947 1334 hoc
976 1285 1102 1336 senatus
1132 1272 1322 1357 apostolicus

368 1372 565 1437 infirmavit?
597 1373 747 1437 Profecto
773 1374 829 1437 ubi
859 1376 950 1438 Deus
978 1386 1090 1437 auctor
1118 1388 1178 1449 est,
1201 1375 1321 1439 frustra

370 1476 513 1559 superior
528 1475 726 1540 desideratur
741 1475 922 1539 auctoritas.
969 1475 1002 1538 si
1018 1475 1091 1560 quis
1102 1490 1210 1540 autem
1227 1476 1320 1561 hujus

369 1576 450 1641 tanti
466 1576 614 1661 martyris
629 1575 763 1662 gloriam
778 1576 925 1639 evacuari
941 1574 1110 1654 desiderat,
1125 1578 1318 1662 quicumque

368 1681 408 1744 sit
424 1678 487 1753 ille,
504 1694 674 1765 antequam
690 1682 719 1743 ei
734 1678 912 1753 credamus,
929 1691 985 1742 aut
1002 1680 1120 1765 majora
1135 1692 1191 1743 aut
1208 1679 1313 1743 saltem

368 1782 481 1846 similia
497 1796 655 1867 operetur.
702 1783 853 1868 Alioquin
877 1804 1006 1863 peccare
1028 1782 1170 1846 creditur
1194 1784 1224 1846 in
1251 1783 1317 1868 Spi-

370 1885 466 1948 ritum
484 1898 627 1949 sanctum
643 1887 736 1970 cujus
751 1884 901 1970 operibus
916 1883 1082 1948 detrahere
1097 1906 1159 1947 non
1173 1898 1308 1950 veretur.

391 2284 609 2347 EPISTOLA
636 2282 891 2346 cccvii-an
908 2298 1070 2343 noosann
1087 2299 1242 2343 naeniae.
1259 2301 1300 2343 nr

535 2404 627 2447 amos
643 2402 887 2447 asomcsnsns.
934 2383 1021 2461 [so.
1042 2388 1102 2446 117
1110 2383 1151 2462 l.]

371 2565 518 2645 Rogerus
540 2560 606 2625 Dei
623 2565 739 2643 gratia
759 2560 895 2624 Eborac.
913 2558 1177 2641 Arcaiapiscopus
1198 2567 1229 2623 et
1244 2562 1323 2643 Apo

413 2663 532 2727 stolicae
545 2664 629 2726 sedis
644 2667 769 2744 legatus
780 2662 949 2725 umerabili
953 2663 1063 2744 fratri
1077 2663 1122 2724 H.
1139 2661 1204 2725 Dei
1214 2668 1323 2744 gratio

412 2768 566 2829 Duaetm.
582 2766 752 2848 Episcopo,
776 2773 807 2828 et
828 2766 951 2828 dilectis
960 2766 1049 2849 filiis
1071 2765 1112 2829 R.
1136 2765 1279 2845 Decono,
1294 2777 1323 2830 et

417 2871 571 2931 Witletmo
588 2866 682 2931 Cant.
699 2879 730 2931 et
753 2871 901 2930 universo
915 2867 1056 2947 capitulo
1070 2866 1207 2929 Eborac.
1223 2870 1323 2930 omni·

412 2971 533 3051 busque
561 2971 739 3034 Canonicis
767 2974 887 3030 sancta
918 2967 1038 3030 Maria
1068 2966 1107 3029 de
1137 2966 1323 3031 Sutbewelle

413 3076 581 3155 sanctique
610 3071 748 3155 Witstidi
773 3071 810 3134 de
835 3071 969 3151 Ripnm,
992 3070 1160 3151 sanctique
1184 3071 1326 3134 Jaonnis

412 3175 450 3236 de
466 3175 634 3238 Beuerleia
650 3174 834 3246 Abbatibus,
846 3172 1028 3246 Prioribus,
1042 3173 1136 3236 Claro
1146 3182 1176 3236 et
1193 3176 1322 3235 univer-

410 3295 444 3336 so
457 3277 578 3357 popula
591 3297 651 3357 per
666 3277 761 3339 Ebot.
775 3275 976 3356 prouinciam
990 3276 1173 3337 constitutis
1186 3277 1322 3338 salutem

411 3382 441 3438 et
452 3380 609 3456 gratiam.

412 3514 489 3574 Nou
511 3511 639 3594 ignorat
661 3508 789 3571 dilectio
812 3523 918 3574 vestra
940 3522 1060 3596 quanta
1081 3532 1142 3596 pro
1164 3511 1321 3596 dignitate

366 3611 504 3676 ecclesias
526 3624 646 3675 nostrae
669 3612 728 3675 hac
752 3624 940 3696 tempestate
963 3613 1180 3689 sustinuerim,
1203 3613 1234 3676 in
1258 3637 1322 3699 qua

367 3725 491 3777 tantum
507 3711 636 3775 invidiae
661 3712 805 3776 mandari
829 3712 998 3777 adversum
1023 3737 1072 3778 me
1094 3714 1196 3791 licuit,
1215 3727 1249 3779 ut
1266 3718 1320 3779 vix

365 3814 482 3898 aliquis
509 3813 597 3878 locus
623 3815 749 3879 veritati
775 3815 1018 3901 relinqueretur.
1073 3817 1243 3882 Familiare
1272 3830 1319 3881 est

365 3914 512 3980 omnibus
522 3914 652 3998 iniquis,
664 3915 789 4000 quoties
800 3917 937 3981 nancisci
953 3931 1086 4003 possunt
1096 3918 1320 3994 occcasionem,

366 4014 542 4081 maledictis
564 4039 617 4079 eos
639 4017 757 4102 quibus
778 4017 923 4082 invident
946 4019 1081 4095 inurere,
1105 4036 1137 4084 et
1160 4019 1321 4083 venenatis

365 4117 534 4180 verborum
560 4117 677 4200 jaculis
702 4117 799 4201 ligere
828 4119 1020 4185 innocentes.
1074 4123 1234 4185 Fecerunt
1261 4121 1319 4184 hoc

364 4220 420 4305 qui
430 4218 623 4305 jampridem
640 4219 789 4284 sederunt
806 4219 882 4284 milri
898 4226 929 4286 in
945 4222 1077 4287 insidiis.
1124 4225 1167 4287 Et
1187 4223 1316 4308 quidem

362 4323 466 4407 primo
481 4336 672 4407 paraverunt
686 4322 834 4408 laqueum
848 4325 1071 4409 suspensionis,
1085 4346 1152 4409 quo
1167 4325 1316 4388 dominus

363 4447 447 4512 papa
461 4424 535 4510 plus
550 4447 659 4488 eorum
675 4423 769 4489 falsas
785 4426 1003 4510 suggestiones
1020 4449 1117 4511 quam
1139 4427 1222 4514 juris
1238 4425 1320 4490 ordi·
