3384 5525
268 715 375 795 lieo]
653 731 832 777 unrsromu.
1176 717 1215 779 la

263 887 370 949 litiose
392 885 478 969 quod
501 885 542 947 ad
564 885 825 949 calumniatorem
844 894 877 949 et
890 884 1062 970 complices
1083 907 1167 964 suos,
1182 897 1216 950 et

264 986 479 1051 fraudulenter
500 997 555 1051 aut
577 987 724 1050 debiliter
746 987 834 1072 quod
849 988 891 1051 ad
908 988 1039 1071 judices
1060 996 1214 1051 tractatus

264 1110 331 1150 non
346 1099 405 1164 est,
420 1100 452 1151 et
467 1090 759 1171 contemptibiliter,
775 1089 862 1173 quod
878 1089 919 1152 ad
934 1088 1095 1153 Ecclesiae
1111 1089 1214 1171 digni-

264 1200 372 1268 tatem,
393 1201 426 1252 et
443 1190 675 1271 ignominiose:
700 1192 816 1275 etipse
838 1192 1031 1275 competenti
1046 1192 1215 1255 securitate

265 1302 394 1375 recepta
414 1292 456 1355 ad
473 1291 634 1376 judicium
656 1304 835 1356 revertetur.
879 1295 977 1357 Dicat
999 1314 1073 1375 ergo
1095 1294 1215 1375 probus

264 1393 311 1455 rir
324 1406 357 1457 et
376 1393 534 1456 discretus
552 1394 628 1467 hoc,
644 1404 676 1455 et
693 1404 728 1456 ut
749 1394 882 1457 consilio
905 1395 973 1478 ejus
991 1394 1216 1478 adquiescatur

265 1494 361 1556 facile
377 1494 546 1556 obtinebit.
580 1495 651 1556 Nec
667 1504 715 1556 est
726 1493 891 1570 credibile,
902 1495 989 1577 quod
1004 1495 1100 1556 etiam
1112 1495 1215 1557 archi·

267 1616 452 1677 synagogus
462 1604 565 1657 vester
575 1595 666 1657 aliter
678 1594 805 1672 sentiat,
813 1595 891 1657 licet
901 1596 1091 1657 contrarium
1103 1594 1217 1677 praedi·

267 1718 339 1760 care
350 1698 604 1760 nonerubescat:
623 1697 679 1759 sed
693 1698 764 1779 ipse
780 1706 812 1758 et
823 1717 935 1759 omnes
947 1697 996 1760 sui
1012 1696 1059 1759 sic
1074 1696 1217 1760 dentium

266 1799 426 1861 soliditate
451 1797 622 1879 gaudeant,
643 1799 726 1860 sicut
748 1797 795 1859 eis
815 1797 987 1881 respondet
1009 1798 1217 1876 conscientia,

267 1899 353 1983 quod
369 1900 457 1983 juste
473 1909 505 1962 et
520 1899 560 1962 ad
577 1900 729 1962 honorem
749 1897 812 1960 Dei
828 1897 989 1961 Ecclesiae
1004 1897 1049 1959 ibi
1065 1907 1218 1961 tractatus

266 2010 315 2063 est
329 2002 601 2084 archiepiscopus,
616 2011 649 2063 et
663 2021 776 2062 omncs
797 2000 850 2082 qui
868 1999 1121 2081 archisynagogo
1139 2021 1216 2063 con·

266 2104 408 2166 sentiunt
423 2103 518 2166 simili
534 2111 700 2164 versentur
713 2102 747 2162 in
765 2102 900 2164 calculo.

310 2206 395 2277 Quia
405 2227 481 2285 ergo
490 2205 751 2287 archiepiscopus
761 2204 860 2266 semel
871 2202 1013 2286 iniquam
1026 2204 1215 2266 sententiam

266 2316 489 2391 reportaverat,
504 2318 535 2369 et
544 2307 675 2369 videbat
684 2328 726 2369 ex
738 2305 858 2369 malitia
870 2305 1106 2387 persequutoris
1118 2316 1150 2367 et
1161 2305 1214 2368 de·

267 2409 389 2471 bilitate
399 2406 545 2490 judicum
560 2408 724 2469 imminere
740 2407 937 2490 nequiorem,
948 2405 1118 2470 declinavit
1127 2408 1217 2491 judi-

268 2512 362 2587 cium,
376 2531 504 2573 causam
516 2511 709 2573 transferens
718 2508 758 2571 ad
775 2508 968 2571 audientiam
982 2508 1062 2591 ejus
1074 2510 1129 2592 qui
1138 2509 1217 2573 fide·

264 2612 345 2673 lium
354 2612 496 2672 omnium
501 2610 607 2694 judex
617 2620 666 2673 est
675 2632 694 2673 a
702 2610 845 2672 Domino
857 2610 1060 2687 constitutus,
1070 2613 1218 2674 etlocum

268 2708 418 2785 adiit,cui
425 2709 964 2792 specialitermandataestomnium
973 2710 1219 2776 sacerdotalium

268 2810 393 2874 decisio
408 2831 583 2873 causarum.
627 2811 699 2872 Nec
714 2807 779 2872 hoc
792 2810 832 2872 de
843 2809 915 2893 jure
930 2811 1153 2892 imperatorum
1166 2823 1221 2875 aut

266 2933 437 2990 canonum,
451 2911 508 2974 sed
522 2911 624 2993 ipsius
635 2911 700 2974 Dei
709 2911 895 2974 auctoritate
905 2911 1043 2973 dicentis
1057 2932 1115 2993 per
1126 2913 1221 2995 Moy-

267 3035 353 3077 sem:
376 3015 406 3076 ei
421 3012 549 3099 difficile
568 3018 600 3074 et
618 3011 807 3092 ambignum
825 3012 919 3094 opud
936 3017 967 3074 te
977 3012 1138 3090 judicium
1158 3034 1222 3078 csse

268 3118 477 3197 peragraveris,
498 3117 586 3178 inter
606 3114 801 3193 sangninem
817 3121 848 3175 et
867 3117 1070 3196 sanquinem,
1088 3135 1220 3179 causam

268 3225 300 3279 et
320 3238 464 3292 cansam,
480 3218 602 3298 lepram
624 3223 656 3278 et
676 3218 811 3298 lepram,
827 3217 879 3292 dre.
901 3218 1037 3279 ascende
1056 3217 1101 3279 nd
1117 3219 1219 3281 lecum

269 3338 361 3398 qnam
376 3319 503 3397 elegerit
515 3318 687 3391 Dominus,
700 3317 746 3379 nd
753 3317 928 3380 secerdotes
938 3316 1074 3379 levitici
1080 3321 1220 3397 gesseris,

267 3427 300 3484 et
311 3421 354 3481 ud
360 3420 503 3498 jndicem
514 3419 571 3498 qni
581 3419 750 3500 proficerit
759 3424 894 3499 tempore
908 3419 973 3498 illo,
984 3426 1016 3480 et
1017 3421 1126 3499 facin
1136 3440 1220 3499 quc-

268 3519 999 3604 cnmqnediserittibi‚sequerisquesententinm
1008 3521 1219 3585 sacerdotnm:

270 3625 445 3698 Quiontcm
456 3621 764 3703 superbieritnolens
773 3622 897 3683 obedire
906 3621 1221 3703 sucerdotisimperio

268 3734 299 3790 et
314 3727 435 3788 decreto
448 3724 573 3803 judicia
594 3724 651 3803 qni
673 3743 708 3785 co
729 3729 867 3805 tempore
886 3725 1050 3786 ministrat
1071 3725 1219 3801 Domino,

268 3830 424 3890 morietur
433 3827 522 3887 nomo
533 3825 598 3900 illc,
614 3831 645 3886 et
656 3826 783 3906 anseres
792 3824 913 3886 mulum
924 3823 962 3886 de
971 3823 1085 3888 Israel.
1129 3827 1219 3889 Ecce

271 3927 393 4013 quoda
411 3926 538 4011 judicio
558 3925 761 3989 sacerdotum
778 3948 839 3990 nec
856 3947 987 3989 causam
1010 3927 1144 4010 excipit,
1157 3949 1218 3990 nec

269 4050 449 4113 personam,
465 4028 542 4090 licet
557 4026 636 4089 alias
650 4047 706 4109 per
722 4047 756 4088 se
772 4025 872 4108 ipsos,
887 4026 966 4088 alias
988 4048 1046 4109 per
1060 4026 1221 4089 ministros

269 4130 403 4194 vicarios
415 4128 573 4192 Ecclesiae
589 4127 740 4191 decidant
753 4127 940 4191 sacerdotes.
967 4128 997 4189 N
1001 4149 1083 4189 oune
1098 4128 1132 4189 in
1148 4148 1219 4211 per-

272 4253 352 4294 sona
360 4231 572 4309 sacerdotum,
582 4230 666 4293 sicut
681 4231 837 4293 Ecclesiae
851 4229 999 4292 doctores
1010 4229 1148 4291 fideliter
1158 4240 1220 4289 tra·

273 4332 364 4410 dunt,
373 4332 521 4396 Jeremiae
529 4331 651 4396 dictum
660 4343 723 4395 est:
737 4334 820 4394 Ecce
829 4333 983 4394 constitui
993 4330 1117 4392 tehodle
1126 4348 1221 4406 snper
