3384 5525
393 769 452 827 172
656 781 794 825 sorums
810 776 1091 824 sunusaunruusrs
1245 757 1292 831 [A.
1311 774 1331 816 n

386 930 532 994 molestia
546 928 704 1013 exigendi.
743 928 837 992 Hauc
858 927 941 991 inter
962 948 1019 990 nos
1034 924 1150 989 servari
1168 918 1265 1009 cupio
1287 921 1341 1008 qui

386 1032 558 1096 amicitiam
584 1032 788 1117 profitemur:
819 1029 900 1094 etsi
925 1040 1036 1093 contra
1057 1027 1145 1092 illam
1168 1046 1341 1105 excessero,

385 1132 470 1198 malo
485 1133 600 1219 corripi
614 1156 711 1220 quam
727 1132 839 1197 audiri.
875 1131 1035 1217 Compelli
1050 1153 1178 1217 quoque
1194 1128 1338 1193 desidero

384 1236 409 1300 si
424 1236 659 1321 opportunitate
675 1233 790 1299 collata
804 1234 836 1297 in
856 1234 1051 1321 exequendis
1065 1232 1175 1298 officiis
1190 1230 1337 1297 amicitiae
1353 1232 1356 1238 ’

384 1339 473 1402 luero
501 1338 677 1423 pigritatus.
731 1337 817 1411 Quia
847 1360 923 1422 ergo
957 1359 1068 1422 preces
1098 1358 1177 1423 quas
1207 1332 1335 1398 domino

382 1440 595 1505 Wintoniensi
611 1440 751 1525 prorrexi
762 1439 802 1503 de
817 1439 983 1504 honestate
996 1441 1152 1519 nituntur,
1162 1460 1216 1502 eas
1228 1457 1337 1521 precor

382 1553 486 1606 vestra
505 1541 660 1605 industria
678 1542 866 1626 promoveri.
912 1542 956 1605 Et
973 1542 1103 1629 quidem
1127 1562 1192 1605 non
1212 1561 1270 1625 pro
1284 1559 1335 1601 me

381 1665 468 1727 rogo,
484 1642 539 1707 sed
562 1665 619 1728 pro
641 1642 704 1706 alio
726 1642 777 1706 cui
800 1642 901 1727 magis
923 1643 1048 1707 debitor
1070 1665 1138 1707 esse
1160 1641 1333 1706 intercedo.

383 1744 466 1809 Nam
497 1767 555 1830 pro
581 1766 633 1808 me
658 1745 780 1829 precari
806 1767 933 1830 semper
957 1746 1083 1828 erubui,
1107 1744 1183 1809 licet
1209 1765 1334 1829 semper

378 1846 511 1928 gerendi
534 1846 662 1930 negotia
683 1846 856 1910 amicorum
879 1847 1146 1932 promptissimam
1166 1844 1332 1910 habuerim

379 1948 584 2013 voluntatem.
625 1948 783 2012 Dominus
796 1950 948 2015 Cantuar.
960 1949 1024 2013 suis
1037 1948 1142 2012 adhuc
1157 1946 1332 2033 stipendiis,

379 2048 438 2113 nisi
454 2061 610 2137 quatenus
627 2048 886 2114 Christianissimi
899 2050 979 2134 regis
996 2050 1192 2114 Francorum
1207 2060 1329 2114 susten·

378 2164 463 2215 tatur
497 2151 727 2230 munificentia,
758 2173 814 2237 pro
844 2151 991 2216 libertate
1028 2150 1172 2215 ecclesiae
1202 2150 1327 2227 militat,

377 2257 451 2317 exul
466 2265 499 2317 et
514 2253 714 2339 proscriptus,
729 2265 762 2316 ct
777 2252 809 2315 in
826 2264 893 2317 tota
908 2252 1088 2337 Anglicana
1103 2252 1238 2316 ecclesia
1253 2275 1329 2339 pau-

376 2353 517 2420 cissimos
533 2355 649 2440 reperit
660 2355 829 2443 adjutores.
854 2357 991 2421 Causam
1004 2378 1067 2419 non
1080 2355 1146 2439 agit
1157 2355 1327 2441 propriam,

375 2456 431 2519 sed
447 2478 659 2521 communem.
707 2455 889 2520 Consolatio
910 2457 978 2541 ejus
1000 2459 1143 2521 omnium
1167 2459 1327 2542 profectus

374 2569 431 2623 cst.
465 2558 532 2622 Sibi
544 2571 576 2622 et
587 2558 651 2622 suis
662 2582 774 2645 pacem
785 2559 896 2624 fecisse
909 2572 1042 2645 poterat,
1054 2561 1080 2625 si
1092 2560 1327 2648 persequutori-

374 2661 434 2725 bus
449 2661 592 2724 ecclesiae
614 2667 733 2726 clerum
751 2663 899 2727 voluisset
922 2686 1088 2749 exponere.
1137 2664 1210 2731 Non
1235 2664 1325 2728 video

374 2764 429 2829 ubi
439 2765 587 2830 dominus
601 2765 823 2831 Wiutoniensis
838 2767 936 2852 possit
946 2767 1158 2832 thesaurizare
1170 2767 1326 2832 salubrius

372 2869 456 2932 inter
470 2891 581 2932 omnes
603 2866 801 2955 elemosynas
821 2892 900 2955 quas
922 2870 1063 2935 ecclesiis
1084 2883 1118 2934 et
1133 2871 1326 2956 pauperibus

372 2984 491 3056 erogat,
508 2971 645 3058 quamsi
662 2970 781 3036 Christi
801 2973 982 3057 proscriptis
1003 2973 1058 3059 qui
1081 2997 1114 3037 se
1137 2985 1170 3037 et
1188 2997 1245 3038 sua
1267 2995 1323 3060 pro

366 3074 491 3156 justitia
513 3084 736 3158 exposuerunt,
760 3086 793 3136 ct
816 3095 873 3157 pro
896 3074 1042 3138 libertate
1067 3075 1211 3139 ecclesiae
1234 3075 1324 3139 susti-

371 3188 459 3249 nent,
489 3177 575 3260 quod
603 3174 663 3238 sibi
691 3175 792 3239 visum
819 3175 916 3239 fuerit
941 3176 1110 3260 largiatur:
1143 3178 1320 3263 praesertim

369 3296 469 3358 quum
486 3286 607 3358 patrem
620 3298 711 3339 suum
728 3276 873 3341 etlilium
889 3278 943 3364 qui
954 3279 1127 3343 multorum
1143 3301 1241 3343 onera
1252 3300 1321 3365 por-

369 3384 426 3455 tat,
437 3386 561 3438 tautum
577 3398 633 3460 pro
648 3379 719 3461 lege
733 3380 795 3442 Dei
811 3381 917 3445 videat
928 3381 1095 3445 incurrisse
1108 3382 1317 3465 naufragium.

371 3475 500 3539 Patrem
527 3477 608 3557 dico,
634 3479 710 3564 quia
738 3479 768 3542 ci
799 3482 1032 3568 metropolitico
1056 3485 1129 3568 jure
1160 3484 1317 3569 praesidet.

370 3576 487 3641 Filium
510 3601 584 3643 vero
599 3580 653 3666 qui
676 3582 717 3645 de
737 3605 835 3647 manu
858 3587 926 3670 ejus
946 3587 1188 3650 consecrationis
1204 3609 1319 3650 munus

366 3679 499 3764 accepit.
547 3683 620 3764 Ipse
642 3683 777 3747 enimse
795 3684 841 3748 illi
858 3687 947 3750 dedit
963 3687 995 3750 in
1018 3686 1118 3753 filium
1134 3710 1232 3774 quem
1252 3710 1316 3773 prae

365 3781 489 3845 caeteris
514 3783 714 3850 desiderabat
735 3786 853 3853 habere
875 3803 1010 3874 patrem,
1031 3790 1160 3877 quando
1181 3813 1255 3854 eum
1277 3789 1317 3853 ad

365 3882 424 3946 hoc
436 3882 533 3966 elegit
542 3884 678 3949 officium
690 3916 696 3953 :
722 3890 806 3952 uude
818 3891 859 3954 ab
871 3892 1030 3978 aliquibus
1041 3893 1175 3957 fratrum
1187 3914 1314 3957 suorum

363 3984 507 4051 stimulos
525 3986 654 4052 invidiae
678 3993 783 4057 sentit.
829 3995 945 4060 Nonne
967 3997 1039 4083 plus
1061 3998 1134 4061 huic
1157 3998 1256 4062 debet
1277 4018 1315 4060 es

358 4088 433 4172 jure
444 4088 623 4173 multiplici,
636 4114 732 4177 quam
748 4094 896 4162 debuerit
909 4098 1069 4164 Willelmo
1083 4101 1178 4164 bonae
1194 4120 1314 4163 memo-

363 4192 418 4254 riae
434 4191 669 4277 archiepiscopo
687 4194 891 4277 Eboracensi,
910 4224 1006 4287 quem
1028 4202 1111 4266 sedis
1132 4201 1313 4287 apostolicae

362 4294 520 4358 sententia
533 4294 722 4380 depositum,
739 4299 834 4364 etiam
851 4325 923 4366 cum
939 4303 1157 4389 indignatione
1176 4302 1313 4368 Romani

362 4396 536 4475 Pontificis,
545 4398 586 4462 ad
601 4411 788 4485 perpetuam
805 4403 1003 4471 liberalitatis
1018 4419 1051 4471 et
1065 4407 1312 4491 magnificentiae
