3384 5525
459 778 522 836 ⁶286
716 788 852 834 ioannis
869 786 1150 831 sannsnnnrnnsrs
1319 770 1365 849 [a.
1383 788 1412 832 n.

459 944 610 1029 majorem
640 941 736 1005 etiam
766 962 837 1003 cum
870 937 1066 1023 irreparabili
1102 937 1269 1023 dispendio
1304 951 1414 1001 nostro

459 1044 550 1107 vobis
583 1047 733 1107 honorem
771 1041 922 1105 ridebitis
957 1063 1024 1104 esse
1058 1040 1248 1105 exhibitum.
1309 1038 1412 1116 Scitis,

460 1157 560 1231 pater,
575 1146 653 1232 quia
669 1168 726 1208 nos
746 1166 843 1229 supra
866 1142 996 1207 modum
1021 1142 1177 1228 oppressit
1200 1142 1270 1206 dira
1292 1155 1323 1205 et
1342 1140 1412 1205 diu-

457 1260 553 1313 turna
567 1248 739 1312 calamitas.
784 1246 909 1312 Videtis
932 1269 1028 1333 quam
1045 1245 1150 1309 tristia
1164 1244 1294 1320 fuerint,
1311 1267 1407 1330 quam

457 1347 636 1433 periculosa
657 1347 731 1425 sint,
751 1360 783 1412 et
805 1360 927 1433 quanto
949 1345 1186 1432 periculosiora,
1209 1360 1246 1410 ut
1269 1345 1409 1425 timetur,

457 1448 642 1514 immineant
669 1463 822 1534 tempora.
883 1448 1031 1514 Occurrit
1060 1447 1285 1535 irreparabilis,
1315 1471 1409 1534 quarn

458 1553 550 1617 Deus
572 1564 707 1627 avertat,
731 1551 896 1627 desolatio,
918 1550 1087 1615 recidivam
1111 1573 1256 1616 veremur
1279 1564 1412 1635 tempes

459 1666 569 1733 tatem,
582 1641 776 1739 grandisque
792 1654 959 1718 necessitas
974 1653 1121 1717 solatium
1146 1652 1303 1718 desiderat
1326 1653 1412 1718 festi-

458 1768 581 1818 natum.

502 1857 637 1921 Pietatis
661 1860 768 1943 itaque
795 1878 908 1921 vestrae
933 1855 1071 1942 pedibus
1101 1856 1263 1942 provoluti
1290 1853 1410 1940 suppli-

458 1980 567 2023 camus
589 1958 750 2033 attentius,
767 1972 798 2023 et
823 1973 891 2023 tota
913 1960 1075 2024 nobiscum
1099 1959 1258 2045 supplicat
1281 1957 1410 2022 ecclesia

458 2060 645 2146 Anglicana,
662 2060 813 2145 quatinus
827 2061 990 2145 provisum
1012 2085 1031 2125 a
1053 2065 1123 2126 Deo
1139 2062 1229 2125 nobis
1251 2074 1411 2146 pastorem

458 2161 535 2225 data
563 2159 761 2245 plenitudine
793 2162 972 2245 potestatis,
1002 2176 1098 2248 prout
1129 2163 1278 2227 sanctitas
1307 2174 1411 2226 vestra

456 2261 571 2325 melius
586 2259 700 2324 viderit
715 2260 877 2347 expedire,
893 2264 1083 2328 auctoritate
1104 2264 1276 2349 apostolica
1298 2262 1410 2327 adver·

455 2384 510 2427 sus
519 2385 572 2425 eos
583 2362 639 2446 qui
650 2362 756 2426 ruinas
764 2363 965 2427 eeclesiarum
977 2380 1165 2451 perpetuare
1175 2365 1409 2440 machinantur,

455 2464 605 2529 roborare
627 2462 795 2549 dignetur:
828 2478 865 2529 ut
888 2467 1155 2552 praedecessorum
1176 2489 1318 2542 suorum,
1334 2490 1409 2553 apo-

456 2567 567 2632 stolico
597 2566 770 2630 munimine
798 2569 910 2644 fretus,
938 2569 1112 2633 secundum
1142 2569 1230 2656 quod
1261 2570 1290 2633 ei
1321 2573 1410 2634 Deus

452 2671 665 2756 inspiraverit,
696 2669 826 2755 vestigia
857 2670 960 2735 valeat
992 2671 1117 2737 imitari.
1180 2671 1405 2758 supplicamus

452 2775 581 2860 inquam
604 2794 670 2853 nos,
685 2773 814 2837 ecclesia
836 2773 1006 2860 supplicat,
1021 2775 1201 2862 supplicant
1224 2788 1256 2839 et
1278 2777 1406 2860 patroni

453 2875 592 2941 ecclesiae
619 2888 734 2940 nostrae
760 2875 887 2960 gloriosi
912 2890 1067 2963 martyres
1094 2892 1126 2942 et
1148 2878 1351 2954 confessores,
1374 2891 1406 2941 et

452 3002 588 3044 consona
603 3002 678 3042 voce
693 2979 836 3043 omnium
852 2993 980 3046 sanctus
1004 2981 1146 3045 Thomas
1161 2980 1255 3045 iterat
1270 2989 1303 3043 et
1324 2979 1406 3042 mul-

451 3081 574 3167 tiplicat
602 3102 718 3165 preces.
776 3083 886 3144 Donec
913 3082 1157 3146 sacratissimum
1184 3105 1238 3145 cor
1261 3094 1401 3146 vestrum

453 3184 586 3247 verbum
603 3182 731 3263 bonum,
746 3183 880 3247 verbum
896 3184 1141 3248 consolatorium
1164 3183 1256 3249 nobis
1270 3195 1405 3258 eructet,

454 3284 601 3368 squalida
630 3284 754 3366 lugebit
784 3307 899 3370 sponsa
930 3285 1060 3363 Christi,
1086 3308 1144 3349 nec
1174 3298 1221 3348 est
1250 3286 1308 3369 qui
1337 3307 1405 3347 eam

348 3433 362 3449 .
454 3383 607 3448 consolari
633 3385 748 3459 valeat,
772 3384 871 3448 donec
897 3385 1070 3451 antistitem
1097 3408 1191 3449 suum
1218 3384 1349 3470 recipiat
1375 3387 1409 3448 in

454 3481 653 3569 plenitudine
668 3485 844 3569 potestatis.
890 3487 974 3560 Quia
990 3487 1086 3573 pedes
1101 3499 1221 3551 vestros
1236 3486 1408 3570 nequimus

455 3599 493 3651 ut
508 3584 667 3662 volumus,
679 3583 814 3648 lacrimis
830 3586 1005 3672 rigabimus
1020 3613 1117 3675 genas
1129 3602 1262 3664 nostras,
1275 3610 1331 3650 nec
1347 3587 1408 3651 erit

455 3688 500 3751 eis
522 3687 646 3773 requies
668 3686 879 3773 quoadusque
894 3713 947 3754 eas
970 3690 1041 3755 Deo
1063 3693 1231 3756 miserante
1246 3692 1408 3774 abstergat

455 3789 586 3853 dextera
601 3788 775 3854 clementiae
793 3805 914 3856 vestrae.
