3384 5525
370 764 481 842 nou]
750 780 928 824 uersrona.
1267 769 1327 827 149
1363 817 1369 826 .

370 944 403 995 et
418 930 519 1015 aliqui
535 933 619 995 iuter
633 950 690 993 vos
704 930 761 1015 qui
777 930 976 995 serenitatem
992 933 1062 1016 ejus
1076 932 1181 1017 pravis
1196 954 1326 1016 sugges·

367 1033 513 1098 tionibus
526 1033 681 1096 adversus
694 1031 772 1095 alios
788 1032 966 1095 incitarent.
1010 1033 1160 1097 Utuntur
1176 1034 1260 1097 enim
1283 1035 1325 1099 ad

364 1134 426 1197 hoc
440 1134 620 1197 ministerio
642 1131 856 1218 quorumdam
873 1146 1078 1217 nugatorum,
1094 1134 1212 1219 quibus
1227 1135 1324 1199 inter·

365 1234 445 1298 dum
467 1246 558 1319 patet
580 1256 735 1313 accessuS,
753 1244 789 1296 ut
812 1233 945 1297 auribus
968 1235 1038 1319 ejus
1060 1236 1181 1320 possint
1202 1258 1323 1299 venena

366 1356 434 1398 suoe
457 1334 506 1398 rel
530 1333 641 1399 alienae
668 1332 801 1398 maliciae
826 1330 999 1397 instillare:
1034 1335 1102 1420 ipse
1128 1348 1233 1399 tamen
1262 1336 1322 1399 ire·

366 1437 577 1523 quentissime
592 1436 768 1501 coutemnit
791 1435 884 1500 talia:
916 1448 948 1498 et
972 1435 997 1497 si
1019 1435 1178 1500 interdum
1203 1438 1257 1501 sed
1280 1438 1321 1502 ad

366 1539 479 1602 horam
495 1560 558 1602 non
572 1538 672 1623 possit
683 1560 745 1600 non
762 1537 900 1600 moveri:
925 1549 1036 1622 parcat
1051 1537 1114 1600 illis
1130 1538 1220 1601 Deus
1234 1554 1266 1605 et
1280 1541 1321 1604 ad

365 1639 474 1703 studia
488 1638 608 1723 dirigat
623 1637 763 1703 meliora.
810 1638 895 1711 Quia
909 1659 986 1719 ergo
1003 1650 1034 1700 te
1058 1638 1157 1723 (quod
1180 1663 1220 1703 ex
1242 1641 1322 1706 iuvi-

365 1740 420 1804 dia
444 1741 615 1827 provenire
637 1762 700 1804 non
723 1739 848 1821 dubito)
876 1761 943 1823 prae
968 1740 1092 1802 caeteris
1114 1740 1321 1820 insectantur,

365 1842 492 1906 custodi
506 1843 718 1906 innocentiam
736 1854 836 1917 tuam,
852 1852 885 1903 et
899 1840 931 1902 in
955 1839 1005 1903 bis
1027 1864 1102 1924 quae
1118 1843 1185 1904 vioe
1207 1844 1321 1928 prioris

366 1944 470 2031 egeris
486 1942 592 2029 palam
613 1965 757 2029 operare,
775 1957 810 2005 ut
834 1941 972 2005 fratrum
989 1954 1117 2006 tuorum
1140 1945 1321 2007 testimonio

368 2057 479 2111 contra
489 2044 622 2109 aemulos
633 2057 688 2109 tua
701 2043 864 2107 sinceritas
874 2042 1081 2108 convalescat.
1111 2045 1321 2109 Nuncautem

367 2146 426 2211 tibi
455 2147 498 2210 de
526 2169 609 2210 novo
633 2146 823 2233 imputatur,
849 2144 937 2231 quod
967 2144 1129 2210 ecclesiam
1159 2146 1321 2232 quandam

365 2248 478 2312 donari
499 2250 623 2328 feceris,
641 2261 674 2313 et
697 2248 806 2312 charta
828 2246 967 2311 ecclesiae
990 2248 1170 2311 confirmari
1193 2240 1319 2313 cuidam

363 2348 650 2429 excommunicato,
672 2347 781 2433 nepoti
805 2348 923 2413 scilicet
949 2347 1138 2435 Randulpbi
1161 2350 1201 2412 de
1224 2353 1319 2426 Broc,

367 2474 464 2537 quem
480 2448 587 2514 nullus
602 2448 736 2533 ambigit
759 2449 960 2513 anathemate
975 2449 1230 2513 condemnatum.
1276 2451 1321 2514 Et

367 2553 447 2618 scias
471 2551 558 2637 quod
581 2550 729 2615 dominus
753 2550 937 2615 Willelruus
961 2551 1127 2615 cardinalis
1149 2553 1227 2615 mibi
1249 2575 1322 2617 con-

362 2644 471 2719 ¹fessus
485 2666 533 2717 est
551 2676 583 2716 se
598 2675 660 2716 non
680 2652 868 2738 praecepisse
890 2665 926 2717 ut
941 2653 1056 2740 aliquis
1070 2656 1322 2720 excommunica-

365 2771 472 2824 torum
489 2768 667 2820 vestrorum
682 2755 911 2836 absolveretur,
926 2756 985 2821 nisi
1001 2771 1074 2822 ante
1089 2755 1226 2821 dimissis
1248 2781 1319 2844 pos-

365 2859 560 2924 sessionibus
598 2857 813 2935 ecclesiarum‚
852 2871 883 2923 et
921 2860 1106 2944 juramento
1145 2860 1317 2924 secundum

364 2982 483 3024 morem
506 2959 645 3023 ecclesiae
670 2958 815 3044 praestito
841 2958 882 3021 de
909 2958 1115 3022 restituendis
1140 2958 1263 3034 ablatis,
1287 2975 1319 3025 et

363 3062 522 3148 condigna
536 3060 748 3126 satisfactione
762 3060 952 3124 exbibenda.
998 3059 1125 3125 Debent
1142 3064 1237 3125 etiam
1260 3064 1318 3149 qui

364 3163 539 3229 detrabunt
554 3160 623 3240 tibi,
637 3161 723 3246 quod
739 3161 883 3227 defuncti
906 3161 1019 3248 prioris
1042 3161 1208 3227 thesauros
1226 3187 1319 3229 occu·

365 3266 460 3352 pasti,
472 3277 505 3329 et
519 3263 662 3327 ordinem
677 3266 751 3348 plus
761 3264 853 3349 justo
864 3275 896 3328 et
914 3265 1009 3328 solito
1021 3264 1134 3327 resolvi
1146 3266 1319 3350 promittis,

366 3371 397 3433 in
421 3366 472 3431 his
497 3379 602 3431 tamen
626 3364 774 3429 omnibus
798 3366 942 3430 nondum
968 3389 1099 3429 aversus
1125 3379 1172 3430 est
1194 3368 1320 3432 animus

367 3468 608 3554 archiepiscopi,
633 3490 653 3531 a
678 3480 710 3531 te
736 3490 868 3553 operum
895 3481 1067 3553 expectans
1093 3469 1320 3536 testimonium.

367 3571 481 3634 Partes
497 3582 570 3634 tuas
582 3581 614 3633 et
628 3567 779 3645 ecclesiae,
791 3583 949 3654 quantum
961 3569 1050 3635 Deus
1062 3569 1239 3652 donaverit,
1251 3584 1321 3636 tue·

364 3672 423 3736 bor
437 3683 474 3736 ut
488 3670 651 3757 proprias:
675 3671 773 3733 immo
788 3671 870 3735 sicut
885 3675 1044 3756 inspector
1060 3671 1206 3735 cordium
1219 3673 1322 3744 novit,
1382 3693 1384 3701 ·

364 3773 517 3858 majorem
534 3771 583 3834 his
596 3792 725 3856 operam
741 3770 829 3848 dedi,
841 3785 873 3835 et
890 3771 965 3833 dare
980 3783 1113 3857 paratus
1126 3794 1207 3836 sum.
1246 3775 1320 3836 Hoc

326 3943 328 3946 ,
365 3875 406 3938 ab
421 3896 460 3936 eo
473 3873 644 3958 impetrare
656 3894 719 3935 non
735 3872 826 3957 potui
840 3884 876 3935 ut
888 3872 1037 3958 episeopo
1052 3871 1194 3937 Roffensi
1206 3873 1255 3936 vel
1266 3873 1320 3937 alii

365 3975 405 4039 de
419 3974 524 4039 officio
538 3998 597 4039 suo
612 3974 785 4060 quicquam
799 3974 989 4038 committat.
1033 3974 1095 4038 Sed
1111 3986 1142 4039 et
1158 3973 1183 4038 si
1199 3974 1272 4060 quis
1288 3998 1320 4038 se

364 4078 572 4142 immiscuerit
587 4100 649 4141 non
666 4078 745 4141 feret
762 4077 929 4163 patienter.
975 4078 1053 4141 Vale
1074 4089 1146 4163 post
1162 4076 1318 4154 Odonem,

363 4192 395 4244 et
411 4179 517 4244 saluta
530 4180 648 4244 amicos
669 4191 793 4243 nostros
814 4202 934 4243 memor
957 4178 1035 4242 mibi
1059 4179 1182 4244 utiliter
1205 4177 1320 4262 episto-

366 4281 470 4347 larum
487 4281 693 4368 Hieronymi.

1334 4808 1357 4837 Ι..
1378 4808 1381 4813 Ι

1278 4892 1299 4907 n
