3384 5525
365 765 475 846 1168]
752 784 931 829 ΕΡῐετοωε.
1265 775 1326 833 189

363 936 480 1021 primas
496 935 622 999 tradere
639 935 812 1000 consuevit.
855 933 939 997 Nam
956 934 1038 999 sicut
1053 935 1107 999 alii
1123 936 1275 1021 praesules
1289 938 1323 1001 in

365 1048 487 1122 partem
511 1036 733 1108 sollicitudinis
748 1059 767 1100 a
782 1057 908 1100 summo
928 1037 1078 1121 pontifice
1100 1050 1273 1102 evocantur
1289 1052 1324 1103 ut

365 1141 562 1225 spiritualem
578 1151 749 1204 exerceant
768 1138 922 1224 gladium,
940 1139 984 1203 sie
999 1163 1019 1204 a
1033 1140 1176 1226 principe
1192 1140 1224 1203 iu
1241 1142 1325 1207 ensis

367 1243 539 1308 materialis
554 1242 812 1307 communionem
830 1242 963 1306 comites
980 1244 1068 1329 quasi
1084 1244 1214 1330 quidam
1230 1268 1326 1309 mun·

369 1346 441 1410 dani
453 1346 537 1432 juris
551 1346 704 1431 praesules
718 1330 947 1409 adsciscuntur.
988 1342 1032 1409 Et
1046 1346 1177 1432 quidem
1194 1347 1249 1433 qui
1265 1348 1326 1413 hoc

369 1450 459 1513 officii
471 1461 589 1535 gerunt
599 1450 632 1513 in
645 1449 762 1535 palatio
773 1448 855 1534 juris
867 1448 1066 1524 auctoritate,
1083 1448 1219 1512 Palatini
1235 1461 1324 1517 sunt:

371 1552 433 1626 Qui
446 1552 478 1615 in
495 1552 671 1617 Provinciis
689 1551 914 1615 Provinciales.
948 1550 1087 1637 Utrique
1098 1573 1173 1616 vero
1183 1551 1325 1636 gladium

369 1667 505 1740 portant,
519 1678 582 1719 non
599 1654 710 1741 utique
726 1676 790 1741 quo
805 1651 1006 1717 carnificinas
1021 1652 1171 1737 expleant
1183 1666 1327 1718 veterum

369 1771 584 1842 tyrannorum,
606 1758 663 1821 sed
686 1769 722 1820 nt
743 1757 862 1821 divinae
886 1767 1019 1840 pareant
1041 1755 1117 1840 legi,
1138 1767 1171 1819 et
1193 1756 1234 1819 ad
1256 1779 1327 1821 nor-

369 1882 451 1923 mam
483 1861 552 1945 ejus
582 1858 712 1924 utilitati
741 1858 881 1944 publicae
911 1857 1058 1935 serviant,
1086 1858 1127 1922 ad
1152 1858 1326 1923 vindictam

369 1961 621 2041 malefactorum,
637 1962 767 2026 laudem
782 1983 857 2025 vero
875 1960 1043 2025 bonorum.
1089 1960 1142 2024 Tu
1159 1983 1235 2045 ergo
1250 1961 1327 2048 quia

372 2064 616 2130 Provincialium
633 2064 717 2129 vices
732 2064 809 2148 agis,
826 2074 921 2149 prout
941 2062 1002 2127 loci
1023 2074 1055 2127 et
1075 2063 1214 2129 nominis
1229 2064 1326 2129 index

371 2178 417 2230 est
431 2166 553 2243 titulus,
571 2167 694 2232 utinam
710 2166 756 2230 sic
770 2165 938 2252 exequaris
953 2165 1040 2252 quod
1055 2164 1154 2251 exigit
1168 2160 1327 2251 princeps,

373 2291 411 2332 ne
426 2269 606 2333 offendatur
620 2270 646 2334 is
661 2269 717 2356 qui
737 2267 841 2333 aufert
860 2267 1006 2352 spiritum
1027 2268 1218 2354 principum,
1236 2268 1326 2332 terri-

370 2370 441 2435 bilis
456 2373 542 2457 apud
563 2394 654 2456 reges
678 2385 782 2449 terrae,
799 2371 889 2456 cujus
912 2370 1047 2435 ecclesia
1066 2393 1181 2455 sponsa
1194 2385 1254 2449 est,
1270 2370 1326 2455 qui

370 2473 402 2537 in
431 2475 600 2539 sacerdotii
626 2475 675 2539 sui
704 2474 748 2539 sic
778 2472 1004 2538 animadvertit
1033 2483 1267 2557 contemptores
1293 2484 1328 2536 et

372 2574 591 2638 malefactores
619 2574 710 2660 quasi
745 2574 900 2660 pupillam
931 2573 1123 2660 appetierint
1152 2574 1236 2639 oculi
1266 2574 1327 2639 sui.

372 2676 455 2751 Quae
477 2678 564 2742 enim
594 2677 654 2741 sibi
680 2678 805 2764 sapiens
833 2691 932 2766 optat,
959 2678 1018 2743 tibi
1044 2678 1136 2744 dator
1161 2678 1328 2766 sapientiae

369 2777 529 2863 largiatur.
576 2779 654 2843 Tibi
676 2779 802 2844 debitor
823 2804 905 2858 sum,
922 2793 955 2845 et
975 2783 1016 2846 de
1038 2781 1205 2846 affectione
1229 2803 1325 2867 quam

312 2899 318 2908 ·
370 2881 409 2945 ad
446 2902 499 2944 me
536 2893 570 2945 et
605 2903 694 2947 meos
730 2882 830 2947 habes
867 2896 1002 2971 quantas
1046 2905 1172 2968 possum
1211 2884 1328 2967 gratias

370 3006 439 3067 ago,
462 2995 567 3047 certus
589 2983 674 3070 quod
698 2986 872 3071 condignas
898 2986 1054 3072 rependet
1079 2984 1272 3061 Altissimus,
1295 2997 1329 3048 et

369 3084 615 3170 benignissimus
637 3087 818 3154 retributor.
865 3088 974 3152 Status
995 3110 1086 3152 meus
1104 3098 1233 3150 auctore
1256 3085 1328 3152 Deo

369 3188 531 3273 jucundus
545 3202 603 3265 est,
620 3189 675 3253 sed
692 3189 733 3271 de
749 3203 805 3254 tuo
825 3204 859 3255 et
878 3191 1053 3254 amicorum
1070 3189 1230 3255 certiorari
1246 3188 1330 3253 desi·

370 3292 455 3368 dero,
469 3303 503 3354 et
517 3314 626 3356 secure
639 3291 756 3376 poteris
768 3291 853 3379 quod
866 3292 1006 3377 placebit
1019 3293 1110 3357 latori
1123 3291 1327 3377 praesenlium

372 3394 528 3461 intimare.
577 3394 697 3459 Valete.

370 3688 591 3754 EPlSTOLA
619 3689 921 3752 cclxxxi-ln
944 3707 1083 3751 neruum
1106 3706 1328 3751 summoneri.

648 3794 655 3808 ⁶
739 3794 827 3867 [ant
849 3789 956 3862 1168]

658 3945 747 4008 Idem
765 3947 863 4009 Petro
880 3937 1046 4028 Scrip'turi.

416 4084 527 4144 Zetus
553 4101 649 4164 quem
677 4079 774 4142 habes
800 4079 832 4142 in
858 4080 997 4143 Domino
1021 4079 1099 4142 mihi
1121 4091 1216 4142 notus
1243 4091 1289 4141 est
1312 4102 1331 4141 a

373 4181 481 4245 multis
504 4179 594 4243 annis
621 4192 657 4243 ut
685 4193 716 4243 te
744 4179 838 4243 sciam
868 4202 964 4266 super
991 4180 1129 4244 ecclesiae
1156 4191 1242 4243 statu
1269 4201 1330 4242 non

375 4306 462 4366 posse
479 4306 541 4346 non
559 4282 687 4345 moveri.
735 4282 874 4368 Quippe,

477 4407 568 4458 Sidera
581 4407 637 4473 quis
650 4406 825 4474 mundumque
839 4405 912 4467 velit,
925 4411 1041 4475 spectare
1054 4405 1198 4465 cedentem,
