3384 5525
371 786 481 866 tlon]
759 803 933 848 aersronm.
1264 788 1325 847 199

362 952 454 1018 ribus
475 952 551 1028 suis,
573 952 661 1037 apud
687 953 892 1029 vizeliacum,
912 952 968 1038 qui
990 953 1077 1016 locus
1098 952 1321 1017 celeberrimus

362 1065 421 1133 est,
432 1054 466 1117 in
477 1053 1275 1139 insignidiemagnaesolennitatisexcommunicavit
1286 1058 1319 1117 ?”

364 1158 448 1220 Rem
458 1157 580 1241 justam
597 1170 629 1220 et
641 1157 816 1221 modestam
829 1157 917 1221 visus
933 1169 980 1222 est
989 1157 1136 1221 omnibus
1146 1158 1318 1243 postulare,

364 1258 444 1322 adeo
471 1257 600 1344 quidem
625 1271 661 1323 ut
682 1258 745 1322 lide
770 1258 883 1344 plenus
898 1259 1055 1343 princeps,
1079 1259 1319 1346 archiepiscopi,

364 1360 516 1446 episcopi,
533 1370 564 1424 et
581 1361 687 1445 magni
704 1360 761 1424 riri
781 1363 839 1444 qui
862 1359 1004 1439 aderant,
1019 1375 1051 1425 et
1066 1361 1127 1444 ipsi
1142 1362 1247 1425 nuncii
1264 1362 1321 1425 do-

364 1461 440 1525 mini
450 1484 556 1547 papa,
567 1461 804 1547 archiepiscopo
816 1461 995 1536 suaderent,
1008 1475 1043 1525 ut
1056 1484 1088 1524 se
1103 1460 1143 1524 de
1154 1476 1321 1527 consuetu-

363 1557 493 1622 dinibus
508 1571 540 1622 et
554 1559 641 1621 omni
665 1582 698 1621 re
720 1559 905 1644 simpliciter
925 1573 956 1622 et
979 1559 1123 1624 absolute
1144 1576 1275 1646 poneret
1286 1567 1319 1628 in

362 1659 616 1746 voluntateejus.
663 1661 719 1724 Ad
735 1661 822 1745 quod
832 1661 1088 1749 archiepiscopus
1111 1663 1275 1750 respondit
1287 1689 1320 1729 se

363 1772 510 1846 paratum
524 1784 590 1825 esse
607 1762 854 1827 consuetudines
869 1764 1036 1827 observare
1049 1787 1107 1851 pro
1116 1789 1192 1851 pace
1204 1769 1273 1852 ejus
1288 1780 1320 1833 et

362 1862 478 1948 gratia,
492 1882 525 1926 et
539 1863 643 1927 facere
666 1863 819 1949 quicquid
841 1878 947 1949 posset
964 1864 1005 1928 ad
1026 1867 1223 1932 voluntatem
1238 1870 1318 1954 ejus,

364 1963 452 2027 salvo
463 1964 582 2028 honore
592 1967 655 2028 Dei
664 1977 696 2028 et
705 1964 815 2028 ordine
824 1989 891 2031 suo.
911 1966 1025 2030 Clerici
1036 1990 1109 2034 vero
1120 1971 1215 2053 regia,
1225 1973 1281 2054 qui
1291 1970 1320 2034 ei

363 2064 565 2145 assistebant,
575 2076 607 2128 et
625 2065 660 2129 ut
675 2065 876 2142 credebatur,
888 2065 1042 2132 timebant
1053 2091 1092 2130 ne
1104 2090 1167 2153 pax
1182 2069 1321 2135 ecclesiae

364 2166 603 2243 reformaretur,
634 2170 760 2252 quoties
797 2167 971 2233 audiebant
1001 2170 1104 2255 pactis
1132 2169 1227 2255 adjici
1258 2173 1320 2235 Dei

364 2267 518 2332 honorem
541 2267 592 2331 vel
614 2268 755 2332 ordinem
781 2270 903 2332 salvum
926 2269 1005 2349 fore,
1028 2271 1175 2335 dicebant
1199 2272 1321 2357 sophis·

364 2382 452 2433 mata
467 2370 597 2433 subesse
608 2370 725 2447 verbis,
737 2392 794 2433 nec
810 2370 906 2456 recipi
922 2383 1040 2455 praeter
1053 2372 1231 2438 absolutam
1248 2397 1321 2457 pro-

365 2471 546 2536 missionem
567 2470 691 2557 aliquid
706 2484 861 2556 oportere.
910 2472 965 2536 Ait
988 2469 1096 2559 itaque
1114 2498 1182 2551 rex,
1202 2479 1222 2511 “
1239 2477 1322 2541 Haec

366 2573 464 2638 verba
477 2595 642 2657 nunquam
665 2572 827 2657 recipiam,
845 2595 884 2635 ne
900 2572 1047 2637 videatur
1067 2574 1195 2661 quidem
1218 2576 1319 2639 archi·

364 2674 533 2761 episcopus
547 2674 694 2739 honorem
720 2676 782 2738 Dei
806 2697 930 2737 servare
948 2674 1037 2751 velle,
1053 2689 1083 2740 et
1104 2700 1167 2740 non
1186 2701 1247 2763 ego
1263 2677 1321 2761 qui

364 2800 440 2842 eum
463 2777 565 2863 magis
585 2778 703 2842 servari
728 2777 902 2841 desidero.”
948 2780 1054 2855 Quum
1077 2802 1152 2842 vero
1174 2780 1322 2844 dominus

366 2879 608 2944 Cantuariensis
628 2879 836 2962 responderet
852 2901 884 2940 se
900 2879 945 2941 illi
964 2902 1003 2941 ex
1025 2879 1146 2965 pn'dem
1163 2880 1248 2944 facto
1263 2879 1319 2942 ho-

364 2981 471 3066 magio
492 2993 526 3046 et
546 2981 701 3045 fidelitate
724 2980 839 3045 debere
862 3003 986 3043 servare
1001 2982 1109 3056 vitam,
1126 2982 1267 3045 membra
1287 2993 1319 3045 et

364 3084 708 3160 bonoremterrenum,
725 3083 812 3145 salvo
835 3081 946 3145 ordine
962 3105 1028 3158 suo,
1044 3096 1076 3146 et
1092 3083 1170 3146 nihil
1186 3082 1320 3147 ulterius

364 3185 608 3272 promissurum,
623 3200 679 3249 rex
700 3184 897 3268 indignatus,
917 3184 1034 3248 infecta
1054 3208 1141 3268 pace,
1165 3185 1319 3263 discessit,

365 3285 635 3373 prosequentibus
657 3308 731 3348 eum
756 3284 1036 3348 Carthusiensibus
1056 3298 1087 3348 et
1109 3285 1323 3350 Grandimon-

365 3387 462 3467 tanis,
485 3408 566 3471 quos
591 3384 740 3448 dominus
764 3407 847 3471 papa
869 3389 996 3449 miserat
1023 3398 1060 3450 ut
1087 3409 1195 3472 pacem
1222 3386 1322 3449 resor-

366 3499 491 3552 marent
514 3500 570 3551 aut
592 3487 793 3572 porrigerent
814 3486 1077 3563 comminatorias
1102 3511 1237 3572 quarum
1263 3487 1322 3551 tibi

366 3588 548 3654 destinatur
570 3587 761 3673 exemplum.
808 3585 871 3650 Sed
892 3610 948 3651 rex
972 3589 1138 3674 intercepit
1162 3612 1214 3651 eos
1233 3588 1322 3652 blan-

366 3690 455 3755 ditiis
470 3687 614 3766 delinire,
626 3690 817 3774 promittens
830 3711 862 3751 ae
874 3710 983 3751 eorum
1000 3689 1062 3753 tale
1074 3688 1151 3774 quid
1162 3690 1323 3752 facturum

367 3787 509 3868 consilio,
524 3787 565 3850 ad
588 3789 677 3873 quod
699 3788 851 3852 instantia
871 3787 1052 3873 principum
1076 3787 1133 3871 qui
1155 3787 1325 3851 adfuerant

367 3914 429 3956 nou
445 3889 602 3977 potuisset
617 3891 738 3967 induci,
750 3913 789 3952 ne
804 3912 869 3974 pax
885 3891 1032 3954 coactitia
1047 3889 1218 3953 videretur.
1250 3892 1325 3954 Mo·

368 3995 439 4057 nuit
448 4014 527 4076 ergo
538 4004 576 4054 ut
589 3991 849 4055 cantuariensem
862 3990 1047 4053 inducerent
1060 3988 1327 4054 consuetudinum

369 4096 466 4159 verba
484 4094 617 4180 jurare3
642 4095 732 4177 quia,
754 4093 780 4155 si
803 4093 883 4177 quid
906 4115 1053 4177 asperum
1076 4105 1108 4155 et
1131 4091 1328 4155 intolerabile

370 4196 534 4261 videretur
549 4195 581 4258 in
599 4195 647 4269 iis,
656 4207 790 4280 paratus
805 4208 872 4259 erat
885 4197 1039 4278 corrigere
1050 4195 1147 4277 juxta
1162 4193 1329 4256 consilium

370 4299 605 4384 religiosorum,
622 4319 703 4381 quos
724 4294 764 4359 ad
786 4295 845 4358 hoc
867 4319 996 4359 evocare
1012 4292 1210 4378 disponebat,
1227 4314 1329 4376 quum

369 4396 474 4482 ipsum
490 4395 668 4461 obtinuisse
684 4407 851 4460 constaret.
899 4395 1065 4458 Gloriatus
1080 4403 1126 4454 est
1143 4390 1250 4467 etiarn,
1268 4392 1327 4454 sub
