3384 5525
381 774 491 854 noa]
769 791 948 838 nersromr.
1295 790 1337 846 47
1416 851 1419 856 ,

374 964 486 1006 meam
508 962 606 1025 snper
627 942 771 1007 dolorem
790 946 956 1010 vulnerum
980 948 1189 1032 propriorum.
1227 952 1336 1037 Hujus

374 1045 424 1107 rei
440 1044 532 1108 testis
546 1055 596 1108 est
618 1046 825 1120 conscientia,
840 1048 932 1111 testis
952 1060 1000 1112 est
1019 1052 1227 1117 conscientiae
1246 1076 1335 1118 scru-

374 1154 461 1208 tator
477 1155 510 1209 et
525 1147 643 1210 arbiter
662 1148 764 1224 Deus,
780 1149 835 1231 qui
857 1150 936 1213 forte
958 1151 1052 1214 citius
1068 1174 1167 1235 quam
1190 1155 1336 1220 credatur

375 1246 552 1311 illustrabit
586 1246 778 1311 abscondita
812 1252 1026 1327 tenebramm,
1056 1265 1089 1316 et
1118 1255 1334 1319 manifestabit

374 1348 514 1412 consilia
529 1350 685 1413 cordium.
723 1352 768 1414 Et
777 1349 845 1434 jam
863 1353 991 1435 quidem
1008 1366 1129 1419 stamus
1144 1368 1218 1421 ante
1232 1360 1332 1422 tribu·

374 1451 429 1512 nal
443 1449 528 1534 ejus,
538 1462 571 1515 et
585 1473 657 1514 eum
673 1453 706 1515 in
720 1474 817 1516 causa
831 1464 940 1517 nostra
949 1455 1094 1539 judicem
1110 1469 1332 1541 expectamus,

373 1561 410 1613 ut
423 1552 457 1614 in
470 1564 650 1637 conspectu
665 1555 767 1639 ipsius
781 1557 914 1618 stultum
930 1558 972 1619 sit
983 1568 1015 1620 et
1030 1559 1229 1621 temerarium
1242 1582 1330 1623 men-

372 1654 485 1717 tiendo
499 1656 598 1719 totius
618 1657 735 1720 laboris
753 1666 786 1720 et
800 1659 874 1721 vitae
899 1658 1019 1742 siquid
1041 1669 1148 1722 tamen
1167 1660 1334 1724 salubriter

373 1754 514 1837 patimur
528 1766 583 1819 aut
598 1766 685 1821 recte
700 1759 834 1839 agimus,
850 1758 1032 1821 mercedem
1047 1760 1190 1842 perdere.
1226 1762 1331 1825 Labo-

372 1857 439 1919 rari
460 1878 539 1939 ergo
563 1858 660 1937 (sicut
681 1859 751 1943 ipse
773 1857 875 1939 novit)
893 1859 980 1942 apud
1003 1857 1170 1923 dominum
1190 1860 1332 1925 Cantua·

372 1957 523 2037 riensem,
538 1969 631 2023 utens
645 1981 732 2024 nuno
753 1960 947 2042 mitigativis,
963 1981 1049 2024 nnnc
1066 1963 1284 2026 acerbioribus
1299 1975 1332 2027 et

373 2060 462 2121 omni
473 2082 656 2124 sermonum
671 2082 804 2143 genere:
830 2060 887 2124 sed
898 2063 990 2125 labor
1001 2083 1091 2125 meus
1105 2063 1207 2146 (quod
1219 2064 1329 2145 doleo)

372 2160 470 2222 cessit
483 2160 656 2224 incassum.
701 2162 792 2233 Quos
806 2170 912 2223 autem
933 2162 1043 2224 obices
1057 2161 1111 2225 ille
1131 2163 1282 2245 precibus
1297 2174 1329 2228 et

370 2262 633 2344 persuasionibus
656 2262 773 2325 nostris
798 2273 952 2346 opponat,
976 2276 1007 2326 et
1031 2274 1174 2327 retexere
1195 2266 1328 2348 longum

371 2374 430 2439 est,
457 2364 580 2435 atsere
610 2367 817 2448 superfluum,
844 2387 941 2448 quum
967 2366 1123 2447 Magister
1150 2367 1328 2444 Gilbertus,

371 2486 466 2547 quem
486 2466 577 2528 vobis
599 2464 729 2528 fidelem
749 2486 819 2527 esse
839 2487 906 2528 non
927 2466 1068 2547 ambigo,
1083 2468 1189 2531 omnia
1207 2470 1328 2551 plenis·

370 2566 450 2628 sime
473 2562 606 2628 audierit
620 2588 663 2629 ex
686 2587 739 2629 ore
761 2566 842 2649 ejus.
884 2567 990 2629 Deum
1011 2577 1118 2630 tamen
1140 2579 1254 2633 testem
1277 2572 1324 2633 in·

370 2687 451 2729 voco
466 2667 500 2728 in
516 2668 655 2731 animam
669 2688 784 2745 meam,
799 2666 887 2751 quod
903 2678 937 2730 ut
952 2664 1107 2731 exanimi
1123 2670 1184 2732 mei
1201 2683 1326 2733 senten-

369 2769 414 2832 tia
434 2771 558 2854 loquar,
580 2770 842 2853 archiepiscopus
865 2770 1054 2854 episcopum
1073 2771 1194 2835 sincere
1211 2772 1325 2852 diligit,

370 2885 402 2933 et
416 2872 512 2935 saluti
531 2879 565 2935 et
586 2872 789 2935 indemnitati
812 2871 882 2955 ejus
898 2872 988 2954 cupit
1009 2892 1078 2934 esse
1100 2885 1323 2954 prospectum:

372 2973 429 3037 sed
445 2973 577 3051 insistit,
592 2983 629 3037 ut
651 2975 707 3056 qui
729 2973 957 3036 inobedientia
973 2982 1005 3035 et
1019 2971 1124 3033 illiciti
1144 2993 1240 3035 ausus
1255 2974 1325 3037 aliis

369 3075 460 3139 dedit
476 3076 622 3152 formam,
637 3097 672 3138 se
691 3077 796 3160 ipsum
819 3074 965 3151 salubris,
981 3085 1014 3135 et
1035 3073 1224 3135 necessariae
1246 3075 1323 3138 obe·

367 3177 498 3241 dientiae
529 3178 651 3240 caeteris
680 3184 811 3260 praestet
838 3176 1035 3259 exemplum.
1083 3175 1178 3247 Quod
1207 3175 1234 3238 si
1263 3177 1324 3240 sibi

366 3278 594 3361 seripturarum
617 3280 818 3352 auctoritate,
841 3279 1014 3341 amicorum
1038 3275 1185 3354 oonsilio,
1208 3288 1239 3340 et
1265 3278 1322 3341 do-

365 3381 446 3443 mini
474 3401 570 3463 papae
597 3380 750 3444 mandato
784 3378 969 3462 persuaderi
999 3377 1187 3461 permiserit,
1216 3380 1323 3464 ipsum

365 3480 643 3563 archiepiscopum
665 3502 760 3564 quem
775 3502 863 3544 nuno
887 3482 1016 3542 sortasse
1032 3482 1104 3562 plus
1120 3479 1209 3563 justo
1232 3481 1323 3544 timet

365 3575 648 3640 clementissimum
682 3587 806 3660 patrem
838 3577 989 3654 inveniet,
1020 3587 1052 3640 et
1086 3579 1184 3656 longe
1214 3577 1322 3660 proni·

363 3678 485 3742 niorem
499 3677 667 3758 ignoscere
683 3700 779 3761 quam
795 3677 918 3742 ulcisci.
963 3678 1103 3741 Potestis
1114 3679 1200 3739 enim
1215 3689 1247 3740 et
1262 3699 1318 3740 ex-

363 3778 455 3861 pedit
483 3779 657 3855 reminisci,
684 3779 763 3862 quid
784 3800 879 3862 super
902 3779 965 3842 hoo
996 3798 1016 3840 a
1039 3777 1115 3842 sede
1144 3779 1321 3862 apostolica

363 3899 466 3962 nuper
486 3877 618 3943 domino
639 3880 879 3944 Constantiensi
893 3879 1081 3962 rescriptum
1102 3879 1160 3942 sit:
1184 3901 1258 3942 nam
1278 3879 1321 3944 ad

364 3990 502 4042 vestram
531 3989 586 4042 aut
615 3979 713 4056 venit,
742 3989 797 4041 aut
826 3977 938 4040 debuit
969 3977 1134 4060 pervenire
1164 3979 1318 4040 notitiam.

364 4080 462 4144 Scitis
478 4081 574 4143 etiam
591 4079 669 4163 quid
684 4077 788 4143 solatii
800 4079 879 4142 mihi
893 4078 1035 4140 retulerit
1051 4077 1191 4140 decanus
1205 4090 1319 4155 vester,

363 4190 416 4242 aut
427 4181 454 4242 si
469 4179 615 4254 nescitis,
624 4180 745 4242 utinam
756 4179 864 4242 omnia
878 4199 950 4261 quae
960 4178 1073 4239 Romae
1089 4178 1197 4258 gessit,
1210 4188 1273 4242 tam
1284 4180 1318 4241 in

363 4281 422 4345 hac
434 4301 546 4358 cansa,
558 4303 653 4365 quam
663 4281 697 4343 in
707 4281 842 4356 caeteris,
850 4300 917 4342 non
928 4278 1025 4342 modo
1038 4280 1138 4356 vobis,
1150 4280 1207 4342 aed
1217 4292 1251 4342 et
1260 4281 1319 4342 toti

362 4379 558 4446 innotuerint
573 4382 706 4445 mundo.
750 4383 796 4444 Et
811 4381 839 4444 si
854 4381 966 4444 liceret
987 4380 1092 4443 adhuc
1108 4401 1147 4443 ea
1161 4381 1320 4461 publicari
1386 4458 1388 4462 ι
