3384 5525
445 812 508 867 29⁶2
710 818 845 863 ioannis
862 814 1139 860 sanusnnnrnusrs
1302 797 1349 876 [A.
1367 816 1398 859 n.

447 970 610 1049 exultavit,
637 969 712 1056 quia
735 990 789 1031 vos
813 965 905 1030 nobis
930 966 962 1029 in
987 977 1144 1051 pastorem
1169 964 1307 1028 electum
1335 986 1400 1028 non

447 1072 598 1138 revelavit
612 1093 684 1134 caro
700 1083 732 1133 et
747 1067 884 1151 sanguis,
896 1068 952 1131 sed
968 1073 1064 1133 Pater
1074 1077 1180 1131 noster
1194 1065 1249 1153 qui
1264 1066 1298 1130 in
1310 1066 1399 1131 coelis

445 1188 503 1251 est,
526 1174 654 1239 visitans
677 1194 734 1235 nos
756 1170 860 1235 oriens
882 1192 922 1234 ex
944 1170 1018 1234 alto.
1075 1170 1159 1234 Sane
1182 1183 1247 1234 tam
1270 1168 1398 1233 dissona

445 1277 611 1342 hominum
623 1289 705 1355 vota,
716 1286 763 1338 tot
773 1275 873 1337 varias
888 1273 1044 1338 mentium
1057 1272 1245 1348 voluntates,
1256 1273 1397 1337 adunare

446 1403 510 1445 non
530 1379 634 1465 potuit
653 1378 712 1442 nisi
733 1377 861 1462 spiritus
878 1376 1019 1458 unitatis,
1032 1376 1113 1440 adeo
1128 1388 1165 1440 ut
1179 1375 1398 1439 indubitanter

445 1485 486 1547 sit
500 1482 629 1547 evidens
644 1503 719 1545 eum
734 1501 831 1567 quern
846 1478 974 1564 spiritus
988 1478 1149 1556 revelavit,
1162 1478 1286 1543 coelitus
1300 1477 1399 1541 desti·

445 1597 566 1649 natum.
613 1583 721 1648 Curiae
743 1581 864 1646 coelesti
884 1580 1037 1665 gaudium
1060 1580 1203 1645 intulisse
1225 1581 1395 1656 credimus,

444 1687 532 1772 quod
553 1686 658 1750 beatae
674 1683 813 1768 Virginis
829 1683 972 1762 ecclesia,
988 1706 1046 1768 per
1062 1683 1216 1768 Spiritum
1241 1684 1398 1748 Sanctum

444 1787 636 1873 concipiens,
652 1786 805 1850 dilectum
822 1787 894 1850 Deo
908 1799 942 1850 et
956 1786 1138 1851 hominibus
1151 1797 1309 1871 pastorem
1324 1808 1398 1869 ger·

445 1889 586 1953 minavit
632 1887 894 1951 Acclamantibus
915 1888 1022 1975 itaque
1045 1888 1188 1951 omniurn
1210 1887 1290 1952 votis
1312 1886 1397 1951 desi·

444 1991 590 2054 deratum
614 1989 673 2053 sibi
695 1989 843 2073 postulat,
861 2001 894 2052 et
915 1989 955 2052 ad
975 1989 1128 2054 dilectum
1143 2001 1176 2054 et
1190 1990 1232 2054 ad
1252 1990 1392 2055 electum

442 2091 502 2155 sibi
524 2091 747 2153 incunctanter
766 2090 884 2174 aspirat
910 2092 1114 2156 Carnotensis
1135 2091 1279 2169 ccclesia,
1300 2115 1396 2179 spon·

442 2192 532 2277 sique
548 2190 705 2255 desiderio
713 2192 782 2275 jam
798 2190 1006 2276 languescens
1019 2194 1191 2261 Osculetur
1203 2216 1268 2277 me,
1277 2195 1393 2281 inquit,

440 2293 548 2358 osculo
563 2294 625 2357 oris
646 2292 704 2358 sui.
751 2294 876 2377 Urgent
895 2317 984 2359 amor
1007 2296 1125 2362 Christi
1139 2319 1213 2361 eum
1233 2296 1290 2383 qui
1309 2297 1393 2381 regis

440 2396 516 2460 filiae
539 2395 737 2460 desideratur
758 2395 968 2481 amplexibus,
991 2410 1025 2461 et
1046 2397 1181 2462 stimulis
1202 2398 1394 2465 salutaribus

441 2509 673 2584 compungatur
698 2498 753 2584 qui
775 2497 817 2561 ad
839 2498 903 2562 Dei
929 2498 1010 2563 filios
1031 2500 1249 2585 propagandos
1274 2501 1393 2566 Christi

439 2623 538 2686 gener
566 2601 703 2684 eligitur.
755 2600 933 2666 Erubescat
962 2624 1095 2685 regnum
1125 2602 1277 2668 coelorum
1307 2604 1392 2669 solus

438 2702 573 2788 ingredi,
595 2702 646 2767 cui
669 2701 769 2766 divini
790 2701 942 2786 germinis
964 2724 1081 2789 pompa
1101 2703 1237 2788 gloriosa
1258 2705 1392 2792 promit·

436 2806 515 2871 titur
522 2832 531 2884 3
569 2816 601 2869 et
630 2805 685 2892 qui
715 2827 864 2870 coronam
899 2827 1028 2869 auream
1058 2806 1199 2871 creditur
1227 2809 1391 2890 meruisse,

436 2907 562 2993 gloriosi
585 2906 693 2971 labore
715 2907 809 2970 officii
831 2919 991 2972 mereatur
1013 2921 1176 2976 oeternam.
1225 2911 1389 2976 Mittimus

436 3031 513 3095 ergo
534 3009 645 3073 advos
667 3030 706 3072 ex
729 3008 868 3093 capitulo
891 3023 996 3074 nostro
1018 3033 1167 3096 personas
1189 3012 1389 3097 spectabiles,

434 3110 593 3175 decanum
623 3110 782 3187 videlicet,
813 3121 975 3176 cantorem
1004 3124 1038 3177 et
1066 3114 1301 3192 cancellarium,
1331 3115 1388 3202 qui

434 3210 648 3276 universitatis
673 3222 791 3275 nostrae
816 3223 958 3275 mentem
981 3213 1070 3278 vobis
1091 3214 1234 3291 offerant,
1258 3227 1291 3280 et
1312 3237 1387 3301 per-

432 3331 542 3373 sonam
553 3322 689 3375 vastram
702 3311 907 3397 postulantes,
920 3315 1014 3380 vestri
1025 3315 1179 3382 adventus
1190 3317 1385 3384 desiderium

433 3412 503 3477 viva
518 3413 609 3477 nobis
623 3435 700 3477 voce
715 3415 919 3482 denuncient.
