3384 5525
753 752 776 809 l
798 752 969 830 1⁷0.]
1524 774 1884 818 EPISTOLAE.
2526 764 2651 822 233

743 918 959 1001 potius
989 935 1388 1007 expurgetur
1418 934 1481 985 et
1516 923 1797 987 veritate.
1895 925 2014 986 Sex
2045 925 2208 988 anni
2241 925 2371 989 sere
2411 926 2647 990 evoluti

740 1031 914 1097 sunt,
977 1044 1057 1085 ex
1106 1047 1236 1107 quo
1279 1047 1397 1109 pro
1445 1024 1704 1108 justitia
1762 1025 2154 1111 proscriptus
2199 1027 2417 1091 exulat
2463 1042 2645 1113 pater

738 1133 948 1184 vester
1007 1124 1226 1188 multis
1271 1138 1335 1189 et
1396 1126 1640 1210 magnis
1700 1140 1979 1190 arctatus
2034 1129 2366 1211 angustiis,
2426 1130 2644 1193 multis

740 1220 1080 1307 utriusque
1110 1248 1297 1289 sexus
1327 1237 1388 1289 et
1420 1226 1737 1310 cujusque
1769 1226 1972 1291 aetatis
2001 1228 2371 1293 coexulibus
2405 1231 2644 1294 Christi

736 1319 969 1385 scilicet
1021 1326 1406 1410 pauperibus
1450 1342 1765 1391 oneratuS.
1873 1331 1963 1391 Et
2008 1328 2167 1413 quid
2215 1331 2272 1393 ei
2318 1332 2417 1394 vel
2463 1354 2646 1395 coex-

738 1420 1068 1487 ulantibus
1098 1426 1215 1489 sibi
1249 1438 1423 1491 tanto
1454 1439 1734 1512 tempore
1752 1427 2202 1513 impenderitiS,
2240 1430 2291 1491 si
2317 1431 2473 1514 quid
2505 1444 2641 1495 tan-

736 1532 868 1585 tum
932 1548 969 1587 a
1017 1527 1318 1589 memoria
1372 1538 1579 1591 vestra
1629 1528 1909 1613 elapsum
1958 1552 2090 1592 esse
2136 1552 2258 1592 non
2319 1532 2642 1596 arbitror?

737 1623 873 1687 Ubi
906 1625 1158 1689 interim
1196 1630 1465 1714 (quaeso)
1498 1629 1773 1692 caritas?
1826 1629 1931 1693 ubi
1961 1652 2136 1692 amor
2163 1634 2188 1692 ?
2253 1632 2360 1694 ubi
2393 1632 2643 1696 affectio

735 1723 995 1790 filialis?
1044 1730 1234 1804 Nam,
1262 1742 1331 1793 ut
1362 1729 1450 1793 ait
1472 1752 1585 1815 per
1607 1751 1916 1814 organum
1945 1750 2129 1794 suum
2162 1732 2439 1817 Spiritus
2463 1756 2638 1796 sanc-

732 1838 860 1905 tuS‚
879 1828 1177 1911 probatio
1207 1829 1562 1893 dilectionis
1585 1829 1899 1894 exhibitio
1930 1830 2140 1915 operis
2170 1845 2289 1898 est:
2323 1845 2386 1896 et
2417 1835 2634 1898 eodem

734 1940 981 1992 constat
1012 1942 1293 2009 auctore,
1336 1954 1613 1994 amorem
1653 1953 1776 1994 non
1806 1953 1991 2017 posse
2021 1932 2230 1996 ociari.
2325 1933 2446 1996 Sed
2479 1957 2641 2019 prae-

734 2029 996 2093 tenditis
1039 2032 1314 2116 publicae
1358 2033 1692 2119 potestatis
1739 2032 1924 2109 vires,
1968 2033 2309 2097 satellitum
2358 2034 2638 2114 insidiaS,

732 2145 793 2197 et
823 2145 1065 2195 metum
1115 2134 1392 2216 justum,
1441 2158 1518 2198 ne
1576 2134 1786 2197 locum
1849 2134 2197 2220 perderetis
2255 2148 2318 2200 et
2362 2149 2636 2219 gentem.

732 2234 929 2299 Plane
962 2258 1210 2320 magnae
1246 2250 1416 2312 sunt,
1462 2251 1525 2301 et
1559 2237 1799 2300 utinam
1850 2260 2095 2321 magnae
2132 2236 2255 2301 sint
2299 2261 2543 2323 semper
2573 2240 2638 2303 in

734 2337 1015 2400 Domino
1074 2340 1238 2402 vires
1297 2340 1489 2423 regiae
1539 2339 1908 2423 potestatis:
1972 2340 2081 2402 sed
2139 2361 2261 2402 non
2315 2353 2510 2406 tantae
2568 2354 2640 2407 ut.

734 2460 949 2501 omnes
981 2453 1221 2504 vestras
1266 2442 1628 2504 cohiberent
1670 2442 2027 2526 impensas:
2079 2464 2234 2525 quas
2267 2441 2373 2505 ubi
2406 2444 2638 2528 saepius

731 2537 996 2604 fecerint
1014 2540 1125 2625 qui
1142 2553 1436 2626 poterant
1452 2539 1746 2626 quisquis
1759 2540 2105 2605 diffiteatur
2120 2542 2350 2604 veritas
2363 2542 2559 2617 novit,
2574 2556 2637 2607 et

731 2639 997 2704 fortasse
1010 2643 1200 2705 etiam
1224 2656 1370 2707 ante
1393 2643 1560 2706 diem
1585 2643 1846 2706 Domini
1866 2642 2254 2728 quandoque
2275 2643 2492 2707 saltem
2521 2666 2637 2729 pro

730 2756 912 2827 parte
925 2744 1332 2811 revelabitur.
1365 2749 1511 2810 Hoc
1531 2744 1966 2809 indubitanter
1987 2743 2278 2820 dixerim,
2308 2744 2635 2812 Christum

732 2865 1082 2930 numquam
1144 2845 1546 2930 puniturum,
1609 2868 1722 2908 nec
1781 2845 2062 2908 homines
2131 2843 2522 2928 culpaturos,
2584 2844 2634 2908 si

731 2946 975 3030 aliquid
1021 2947 1493 3012 subtraxissetis
1534 2946 1887 3011 necessitati
1929 2958 2155 3008 vestrae
2188 2967 2263 3007 ne
2293 2944 2445 3008 dum
2478 2944 2637 3015 deli-

732 3047 861 3127 ciis,
910 3048 1084 3134 quod
1132 3050 1330 3134 possit
1379 3049 1617 3113 Christi
1660 3046 2049 3132 pauperibus
2100 3067 2217 3130 pro
2258 3044 2512 3129 justitia
2571 3059 2634 3112 et

731 3148 1027 3214 libertate
1057 3151 1334 3215 ecclesiae
1363 3151 1775 3216 exulantibus
1797 3148 2042 3232 erogari
2069 3168 2083 3208 ε
2130 3146 2247 3211 nisi
2268 3147 2432 3210 forte
2465 3148 2635 3234 quis-

731 3251 902 3335 piam
921 3251 1137 3316 credat
1169 3255 1380 3317 Deum
1411 3255 1474 3316 in
1497 3266 1782 3317 extremo
1811 3250 2097 3315 examine
2124 3248 2633 3335 glorificaturum

730 3353 871 3415 illos
901 3353 1017 3438 qui
1047 3352 1413 3439 duplicibus
1440 3354 1648 3420 induti
1681 3366 1852 3434 sunt,
1881 3366 1945 3416 et
1975 3351 2317 3438 epulantur
2347 3352 2635 3436 quotidie

733 3453 1083 3539 splendide.
1187 3456 1495 3521 Sathanas
1556 3457 1770 3520 votivo
1830 3454 2084 3540 pietatis
2142 3453 2394 3518 affectui
2454 3454 2635 3518 satel-

735 3554 916 3619 litum
982 3556 1331 3621 ministerio
1390 3559 1624 3622 multas
1683 3555 1956 3620 tetendit
1999 3555 2298 3620 insidias:
2362 3554 2472 3619 sed
2530 3578 2634 3620 eas

726 3654 1087 3740 aliquorum
1134 3657 1292 3721 fides
1335 3671 1398 3722 et
1458 3656 1790 3742 diligentia
1833 3656 1977 3720 licet
2020 3678 2369 3740 paucorum
2412 3656 2632 3722 evasit.

732 3757 919 3833 Quod
954 3780 1065 3821 vos
1110 3758 1359 3822 facilius
1392 3760 1676 3846 potuisse
1722 3756 2012 3840 conjici0,
2045 3756 2094 3820 si
2131 3756 2392 3841 quando
2440 3756 2635 3822 fuisse

728 3869 1133 3924 attentatum.
1223 3862 1493 3925 Utinam
1539 3863 1841 3947 pietatem
1889 3868 2159 3922 vestram
2207 3857 2427 3921 saltem
2458 3857 2637 3924 volu-

728 3960 848 4023 isse
873 3963 1338 4048 cujuscumque
1357 3966 1564 4048 operis
1588 3961 1951 4025 testimonio
1970 3959 2250 4025 convinci
2278 3959 2590 4045 potuisset.
2617 3960 2632 4025 Ξ

725 4066 1033 4148 Superest
1066 4079 1140 4128 ut
1174 4063 1255 4128 de
1277 4065 1503 4128 timore
1536 4063 1717 4128 vobis
1750 4061 2076 4148 apostolus
2110 4060 2352 4125 Christi
2374 4082 2638 4146 respon-

727 4163 894 4245 deat,
928 4167 1228 4250 quoniam
1284 4165 1473 4230 timor
1502 4169 1621 4230 iste
1651 4187 1774 4228 non
1806 4177 1901 4229 est
1929 4164 1996 4228 in
2026 4163 2306 4227 caritate.
2411 4162 2458 4223 J
2461 4162 2638 4228 udaei

727 4289 805 4328 ne
835 4270 1045 4330 locum
1077 4279 1139 4330 et
1170 4279 1433 4351 gentum
1466 4266 1827 4353 perderent,
1854 4265 2207 4341 Christum,
2239 4277 2307 4325 ut
2335 4257 2632 4341 ren-litia,

726 4367 1116 4447 occiderunt,
1148 4384 1210 4434 et
1241 4391 1316 4432 eo
1343 4368 1503 4454 ipso,
1532 4367 1714 4453 quod
1758 4366 2027 4431 maxime
2063 4365 2351 4429 volebant
2383 4357 2479 4429 εἴ
2505 4367 2507 4370 ⁴
2611 4366 2612 4369 ’
