3384 5525
311 762 422 835 1161]
693 775 871 823 amaretis.
1252 766 1271 821 7

309 929 452 1011 latentes,
474 932 523 994 sui
557 930 655 993 fontis
693 931 844 1012 origines.
904 928 1119 992 Metiebamur
1157 940 1264 993 autem

306 1032 449 1109 pericula
464 1032 657 1096 conditionis
673 1044 800 1106 nostrae,
816 1031 973 1095 malitiam
995 1032 1158 1115 temporis,
1173 1029 1262 1094 debi-

305 1131 427 1195 litatem
449 1135 619 1211 Ecolesiae,
633 1135 755 1198 rabiem
773 1132 1029 1218 persequutoris:
1060 1134 1116 1197 sed
1131 1156 1149 1197 1
1164 1136 1262 1198 latero

307 1235 524 1314 sperabamus,
539 1234 616 1318 quia
630 1234 784 1317 iniquitas
799 1236 963 1298 cohaerens
984 1236 1104 1297 talento
1126 1235 1262 1319 plumbi,

306 1332 364 1395 diu
377 1335 411 1396 in
428 1356 552 1399 summo
568 1345 650 1398 stare
672 1356 738 1398 non
760 1346 886 1417 potest:
917 1344 951 1399 et
964 1337 1144 1399 Amorraeus
1166 1338 1262 1401 citius

306 1444 340 1497 et
368 1437 504 1499 validius
533 1434 672 1514 eliditur,
703 1448 736 1500 et
773 1436 950 1501 detruditur
986 1436 1028 1500 ad
1060 1439 1125 1503 ima
1162 1450 1261 1518 terrae,

308 1556 409 1617 quum
424 1537 599 1619 adimpleta
613 1537 733 1599 malitia
746 1538 780 1600 in
796 1540 926 1601 excelsa
942 1540 1129 1621 prorumpit.
1173 1542 1261 1603 Ami·

306 1638 355 1700 cis
381 1659 457 1720 ergo
483 1639 708 1722 compatimur,
731 1650 764 1701 et
788 1640 948 1703 Ecclesiae
974 1636 1206 1705 desolationem
1227 1643 1261 1705 iu

307 1761 406 1821 regno
432 1742 609 1821 Anglornm
636 1740 887 1822 ingemiscimus.
942 1742 987 1804 Et
1011 1742 1159 1805 miramur
1183 1764 1261 1827 quo·

309 1844 406 1906 modo
420 1844 535 1907 abierit
557 1846 647 1907 zelus
670 1856 717 1907 tot
739 1844 957 1923 religiosorum
980 1854 1014 1906 et
1035 1844 1259 1909 litteratomm:

304 1966 405 2028 quum
421 1946 476 2007 vix
489 1967 574 2009 unus
589 1957 623 2009 et
636 1947 716 2009 alter
729 1956 884 2029 appareat
899 1946 1090 2028 speculator,
1101 1948 1156 2030 qui
1165 1947 1263 2031 juxta

307 2047 585 2109 commonitionem
616 2047 839 2130 propheticam
875 2046 991 2109 audeat
1018 2047 1118 2131 impio
1146 2049 1261 2132 impie·

306 2161 402 2213 tatem
417 2172 506 2214 suam
521 2170 563 2212 ex
580 2172 633 2214 ore
656 2150 790 2213 Domini
806 2150 969 2213 nunciare.
1015 2150 1113 2234 Impii
1135 2174 1210 2235 ergo
1225 2154 1261 2218 in

306 2252 387 2315 facie
408 2253 641 2336 speculatorum
664 2251 864 2315 descendunt
878 2252 912 2313 in
933 2252 1093 2316 infernum
1110 2255 1261 2331 viventes,

306 2365 342 2416 ut
367 2375 387 2416 a
412 2355 674 2437 speculatoribus,
700 2354 777 2438 quia
803 2354 968 2431 siluerunt,
993 2356 1125 2437 sanguis
1150 2379 1259 2434 eorum

298 2454 372 2538 jure
387 2465 419 2517 et
430 2456 542 2517 merito
554 2455 748 2538 exquiratur.
788 2453 865 2531 Sed,
877 2453 957 2537 quid
973 2454 1110 2518 dicimus
1121 2478 1177 2519 eos
1188 2478 1260 2521 esse

304 2577 346 2618 ex
371 2577 468 2619 eausa
493 2556 611 2619 silentii
640 2554 845 2638 puniendos?
887 2577 963 2619 sane
991 2558 1120 2640 quidam
1151 2580 1259 2622 eorum

305 2668 381 2719 sunt
396 2658 451 2739 qui
465 2658 566 2719 furem
583 2657 726 2720 videntes
741 2669 871 2721 currunt
887 2679 960 2721 cum
977 2680 1026 2735 1ο,
1037 2659 1135 2722 immo
1150 2661 1260 2742 praevii

307 2757 456 2822 ductores
478 2772 510 2820 et
532 2758 680 2822 doctores
700 2760 806 2842 ipsum
828 2761 862 2822 in
885 2760 969 2824 furta
993 2761 1205 2844 praecipitant,
1229 2776 1261 2826 et

305 2861 446 2943 rapinas,
461 2871 495 2922 et
509 2882 599 2923 suam
610 2872 737 2944 ponunt
750 2861 784 2922 in
800 2862 912 2944 quovis
924 2862 1100 2945 iniquitatis
1112 2864 1259 2942 symbolo

304 2983 378 3024 eum
396 2961 502 3044 impiis
517 2961 708 3043 portionem.
749 2964 893 3034 Quorum
909 2959 1029 3045 primus
1044 2972 1093 3025 est
1107 2963 1259 3048 Archisy·

304 3088 450 3149 nagogus
464 3077 579 3142 vester,
594 3079 627 3128 et
641 3065 697 3148 qni
712 3065 815 3148 primo
832 3086 908 3128 auro
921 3065 1111 3129 videbantur
1124 3067 1260 3146 inducti,

304 3178 337 3230 et
365 3169 525 3230 columnae
556 3166 746 3231 videbantur
782 3167 950 3246 Ecclesiae,
981 3169 1155 3250 amplexati
1185 3183 1259 3235 sunt

302 3282 451 3334 stercora.
497 3270 639 3333 Dederat
653 3270 698 3331 eis
714 3279 877 3350 argentum
900 3269 1060 3332 Dominus
1082 3284 1115 3333 et
1135 3292 1257 3349 aurum,

303 3383 336 3434 et
349 3373 432 3435 sicut
454 3372 523 3455 ipse
546 3393 604 3454 per
626 3371 815 3454 prophetam
839 3373 1054 3455 conqueritur,
1069 3374 1140 3454 Ipsi
1161 3394 1201 3436 ea
1221 3394 1256 3438 co

205 3518 208 3525 -
301 3478 427 3555 operati
451 3481 531 3537 aaut
556 3475 654 3551 Boal,
679 3473 756 3535 dum
784 3478 888 3557 moqis
912 3482 1073 3554 1111111111,
1098 3478 1256 3541 1111111111

301 3595 396 3658 quam
419 3577 539 3650 Deum,
561 3586 592 3640 et
614 3579 724 3639 colunt
745 3583 776 3639 et
798 3578 944 3640 1111111111
966 3586 1121 3642 creature
1142 3583 1255 3659 potius

300 3699 399 3761 quam
414 3681 568 3744 creatori:
599 3679 698 3762 quod,
712 3680 796 3742 sicut
816 3683 931 3744 beatus
953 3681 1048 3744 docet
1069 3684 1253 3764 Apostolus,

302 3782 491 3846 idololatriae
502 3782 680 3845 rectissima
690 3792 721 3844 et
732 3783 907 3845 certissima
918 3782 1065 3846 diffinitio
1077 3794 1133 3846 est.
1170 3785 1254 3846 Nam

303 3884 391 3967 quod
406 3885 542 3967 quisque
557 3883 635 3946 colit
652 3903 717 3965 prae
732 3886 856 3948 caeteris
871 3886 1038 3948 constituit
1053 3885 1114 3948 sibi
1137 3886 1255 3962 Deum,

301 4086 377 4149 dum
397 4108 529 4149 munera
548 4087 662 4169 qnaerit
676 4098 708 4149 et
730 4090 964 4165 retributiones,
980 4099 1012 4152 et
1035 4089 1196 4154 interdum
1219 4088 1251 4149 in

301 4189 428 4252 fraudes
450 4199 482 4252 et
503 4189 535 4250 in
557 4189 686 4271 rapinas
707 4190 869 4274 impingit,
886 4194 1046 4255 lavernam
1069 4201 1251 4254 veneretur:

257 4366 259 4369 ι
300 4291 382 4353 alius
396 4303 490 4352 rento
505 4290 635 4353 inflatus
650 4300 763 4353 terram
784 4293 886 4354 Moab
907 4294 1065 4356 inhabitet
1087 4295 1121 4354 in
1144 4311 1253 4372 super·

299 4391 375 4453 cilio
390 4392 588 4474 Babylonis:
613 4389 694 4454 alius
710 4395 816 4473 gulam
834 4415 970 4476 sequens
986 4416 1117 4475 porcum
1139 4390 1252 4452 induat
