3384 5525
239 741 348 815 noo]
623 756 800 801 nmsroca.
1152 750 1195 816 2⁷

238 909 271 970 in
288 910 404 972 coelum
419 930 537 992 ponere
552 931 618 972 non
634 931 803 993 praesumo.
845 911 960 974 Fateor
975 922 1005 976 et
1022 933 1128 976 rerum
1145 926 1194 979 est

237 1010 345 1073 omnia
361 1010 506 1073 Romano
529 1010 626 1074 licere
642 1011 801 1093 pontifici,
816 1012 873 1075 sed
894 1034 933 1076 ea
949 1013 1105 1077 duntaxat
1120 1037 1192 1098 qoae

237 1110 277 1173 de
293 1108 366 1192 jure
382 1109 491 1173 divino
507 1110 737 1175 ecclesiasticae
759 1133 915 1176 concessa
935 1124 1010 1177 sunt
1030 1115 1190 1198 potestati

237 1211 348 1274 Liceat
370 1211 399 1273 ei
420 1210 494 1295 jura
520 1232 605 1274 nora
626 1211 778 1289 condere,
799 1223 904 1276 vetera
930 1216 1093 1295 abrogare,
1115 1213 1192 1278 dum

236 1324 344 1376 tamen
366 1313 432 1389 illa,
448 1334 522 1395 quae
543 1334 563 1375 a
585 1312 650 1376 Dei
673 1314 769 1376 verbo
791 1313 825 1375 iu
849 1315 1027 1397 Evangelio
1049 1318 1099 1379 vel
1121 1318 1192 1399 lege

236 1423 423 1495 perpetuam
440 1434 570 1476 causam
584 1413 716 1489 habent,
727 1423 848 1477 mutare
864 1437 930 1478 non
944 1418 1057 1500 possit.
1081 1419 1193 1489 Ausim

237 1514 354 1591 dicere,
364 1514 451 1598 quod
466 1536 527 1577 nec
542 1514 657 1576 Petrus
671 1514 742 1598 ipse
757 1530 1013 1598 perseverantem
1029 1519 1063 1580 in
1074 1522 1194 1583 scelere

238 1637 419 1699 quenquam
444 1625 477 1679 et
499 1618 662 1679 voluntate
687 1617 857 1699 peccandi,
882 1634 993 1702 posset
1017 1622 1192 1698 absolvere,

237 1738 298 1780 nec
311 1719 418 1781 clares
430 1717 555 1801 accepit
565 1719 682 1803 quibus
693 1720 784 1801 regni
791 1720 925 1802 januam
935 1722 1038 1805 possit
1048 1722 1194 1806 impoeni·

237 1819 377 1881 tentibus
393 1819 525 1902 aperire.
565 1819 661 1883 Unde
683 1842 759 1902 ergo
774 1821 820 1884 illi
842 1822 913 1885 haec
935 1822 1010 1886 data
1027 1824 1193 1906 potestas?

236 1920 287 1983 Ad
300 1922 369 1984 haec
380 1921 496 1985 dicitur
505 1921 592 2005 qnod
606 1943 663 1984 rex
674 1923 801 2003 Angliae
811 1925 957 1989 omnium
969 1925 1193 2009 episcoporum

231 2019 448 2105 jurisdictioni
478 2022 659 2085 subtractus
688 2030 736 2085 est
764 2022 934 2106 privilegio
963 2045 1067 2088 novo:
1107 2025 1194 2107 quod

237 2124 380 2207 profecto
396 2124 424 2187 si
438 2124 587 2203 obtinuit,
599 2145 677 2187 ecce
693 2125 722 2187 ei
740 2126 857 2188 collata
872 2135 923 2188 est
937 2127 1108 2189 auctoritas
1123 2126 1194 2190 lici·

237 2235 304 2287 tum
319 2223 409 2287 libito
430 2224 630 2309 coequandi.
669 2226 747 2288 Non
763 2237 870 2289 tamen
890 2226 985 2289 facile
1004 2226 1193 2291 crediderim

238 2326 326 2409 quod
349 2328 419 2391 h'aec
446 2328 554 2392 omnia
577 2337 643 2391 tam
665 2328 759 2391 facile
785 2337 899 2392 contra
920 2329 1105 2392 Ecclesiam
1126 2330 1192 2396 Dei

238 2428 409 2512 impetrata
434 2430 507 2493 sint.
552 2429 618 2493 Sed
640 2430 702 2492 hoc
727 2428 920 2493 fiducialiter
945 2426 1080 2493 dixerim
1104 2431 1193 2515 quod

238 2542 409 2613 autequam
421 2531 491 2595 haec
507 2539 614 2595 essent
629 2531 715 2614 apud
727 2553 787 2594 nos
802 2530 974 2613 divulgata,
987 2533 1028 2596 do
1040 2532 1192 2605 dintumo

239 2632 404 2712 naufragio
419 2652 605 2694 veneramus
620 2632 655 2694 in
670 2644 809 2715 portum,
825 2655 845 2696 a
860 2655 925 2718 quo
941 2655 1000 2696 nos
1015 2634 1193 2718 rejecerunt

239 2736 271 2797 in
303 2734 447 2818 pelagus,
474 2734 531 2815 qui
561 2755 635 2797 cum
666 2736 826 2818 triumpho
857 2758 876 2800 a
902 2736 977 2800 sede
1003 2737 1194 2819 Apostolica

238 2834 409 2899 redierunt.
453 2836 524 2897 Nec
540 2836 647 2920 aliquo
661 2836 757 2899 modo
776 2837 960 2920 persuaderi
974 2847 1090 2919 potest,
1105 2837 1193 2920 quod

237 2936 337 3018 legati
366 2935 422 3018 qui
452 2938 559 2999 venire
590 2935 750 3012 dicuntur,
779 2936 978 3019 procuraturi
1013 2937 1194 3012 voluntates

238 3035 360 3099 domini
375 3036 472 3117 regis,
486 3033 703 3100 conditionem
724 3047 867 3100 nostram
883 3036 1050 3099 reformare
1071 3035 1194 3119 possint

237 3139 270 3201 in
293 3160 366 3201 eum
388 3139 558 3218 calculum,
581 3141 614 3202 iu
639 3160 702 3223 quo
726 3138 803 3216 erat,
825 3137 956 3221 quando
978 3139 1109 3201 verbum
1130 3138 1192 3202 hoc

239 3241 380 3303 omnium
410 3241 508 3304 corda
537 3242 710 3306 concussit.
762 3242 907 3305 Dubium
937 3251 1043 3304 tamen
1073 3250 1122 3304 est
1151 3262 1192 3304 an

238 3341 347 3421 velint,
359 3341 387 3405 si
398 3350 505 3405 tamen
521 3342 665 3419 dubium,
679 3365 776 3427 quum
788 3344 925 3406 alterum
936 3363 1043 3406 eorum
1055 3341 1193 3406 audieri-

239 3464 309 3505 mus
324 3465 343 3507 a
356 3445 464 3508 multis
478 3445 511 3506 in
527 3445 704 3528 perniciem
719 3455 872 3521 nostram,
887 3457 941 3508 aut
956 3445 1062 3528 potius
1078 3445 1110 3507 in
1128 3445 1190 3508 dis-

238 3544 406 3628 pendium,
418 3557 451 3608 et
464 3546 673 3627 ignominiam
686 3547 832 3611 ecclesiae
849 3547 1050 3609 consensisse
1066 3544 1175 3609 domin

237 3644 316 3729 regi,
330 3655 363 3710 et
384 3656 548 3729 operatum
572 3667 653 3724 esse,
669 3657 821 3731 quantum
843 3646 878 3708 iu
895 3667 934 3708 eo
956 3645 1027 3718 fuit,
1044 3646 1191 3709 extermi-

237 3747 328 3810 nium
349 3758 503 3810 nostrnm.
554 3748 639 3810 Eum
663 3768 738 3828 ergo
760 3746 895 3825 misisse,
917 3747 1001 3809 sicut
1021 3746 1192 3810 adversarii

233 3850 394 3934 jactitant,
407 3851 488 3912 nihil
503 3850 592 3913 aliud
614 3860 661 3913 est
677 3871 771 3932 quam
788 3848 882 3912 nobis
903 3849 1100 3912 ministrasse
1115 3850 1192 3912 cali·

238 3948 490 4031 compassionis
512 3949 686 4013 etmortis.
728 3948 824 4020 Quod
852 3948 879 4011 si
903 3949 1067 4033 proponit,
1090 3948 1194 4032 sepiat

239 4051 330 4113 Deus
346 4050 428 4113 viam
443 4050 629 4114 asciscentis
644 4061 675 4113 et
689 4050 857 4126 venientis,
869 4049 981 4132 spinis,
993 4058 1029 4112 ut
1043 4048 1191 4131 praecipi·

237 4162 345 4216 tentur
359 4153 394 4215 in
409 4152 534 4215 foveam
550 4175 644 4236 qnam
658 4151 886 4215 innocentibus
900 4157 1103 4233 paraverunt.

281 4252 448 4336 Adjicinnt
469 4252 561 4316 malis
580 4252 707 4332 nostris,
728 4252 785 4335 qui
807 4262 920 4316 contra
943 4271 1014 4326 nos,
1034 4258 1067 4312 et
1092 4247 1194 4326 magis

240 4365 350 4417 contra
368 4376 424 4418 vos
438 4355 621 4436 gloriantur,
643 4354 731 4437 quod
750 4354 882 4417 exilium
901 4360 1045 4415 nostrum
1062 4347 1194 4430 prolon-
