3384 5525
473 774 515 833 58
731 777 1159 827 11111111111111111111111
1330 761 1378 835 [a.
1397 777 1428 821 n.

474 939 614 1003 tionibus
630 934 881 1009 111111111111111,
897 933 984 1015 quod
1007 930 1129 1015 praelati
1145 929 1380 1013 archiepiscopi
1397 939 1430 992 et

475 1059 605 1102 suorum
620 1037 748 1118 plenam
768 1033 1009 1096 indemnitatem
1026 1041 1058 1095 et
1073 1029 1289 1093 omnimodam
1310 1031 1429 1092 securi-

474 1148 572 1203 tatem
589 1136 761 1213 contineat,
776 1145 809 1198 et
823 1134 865 1197 ad
882 1134 977 1197 totius
996 1134 1154 1197 Ecclesiae
1169 1132 1319 1216 proficiat
1332 1135 1431 1197 libera

474 1250 582 1304 tatem.
627 1239 703 1300 Hoc
726 1247 831 1299 autem
854 1237 968 1299 mirum
992 1237 1090 1299 estin
1107 1236 1209 1299 oculis
1225 1235 1380 1311 omnium,
1396 1246 1429 1299 et

476 1341 564 1405 omni
579 1352 708 1422 stupore
732 1339 864 1421 dignum
886 1339 973 1422 quod
988 1360 1049 1402 nec
1066 1339 1165 1401 semel
1184 1337 1268 1400 inter
1282 1358 1429 1420 compro·

475 1442 629 1505 vinciales
652 1441 801 1504 convenit
824 1442 1007 1522 episcopos,
1029 1449 1064 1504 ut
1090 1439 1129 1503 de
1156 1460 1238 1522 pace
1268 1439 1428 1501 Ecclesiae

476 1554 647 1608 tractantes
677 1544 726 1606 vel
757 1565 822 1605 una
850 1543 920 1606 vice
950 1542 1158 1605 convenirent
1186 1562 1307 1621 regem,
1338 1539 1433 1623 cujus

477 1646 692 1710 innocentiam
722 1646 855 1729 publico
892 1643 1109 1707 universitatis
1146 1664 1212 1707 snae
1248 1642 1430 1705 testimonio

477 1757 631 1821 astruunt,
655 1756 687 1808 et
708 1746 895 1828 patientiam
918 1754 1040 1807 tantam
1063 1743 1252 1826 praedicant,
1275 1751 1311 1804 ut
1333 1742 1429 1804 dulce

476 1859 569 1933 putet
582 1847 772 1930 obsequium
786 1846 933 1930 quotiens
944 1857 1090 1909 monetur
1105 1855 1141 1909 ut
1155 1845 1304 1925 corrigat,
1314 1844 1340 1907 si
1353 1842 1433 1927 quid

477 1951 558 2014 forte
583 1948 719 2031 deliquit
744 1947 778 2009 in
805 1948 991 2010 Dominum.
1036 1948 1081 2010 Et
1106 1947 1250 2030 profecto
1277 1953 1334 2008 aut
1360 1966 1433 2007 eum

478 2053 551 2114 Deo
566 2048 759 2131 propitiante
774 2046 932 2111 reducent
945 2046 988 2111 ad
1003 2048 1097 2122 111111,
1112 2058 1168 2110 aut
1183 2046 1223 2109 de
1243 2045 1434 2109 necessitate

480 2152 575 2217 citius
595 2171 690 2232 quam
712 2149 860 2213 credatur
881 2149 1012 2213 domino
1032 2171 1126 2233 papae
1149 2145 1356 2233 vapulabunt,
1377 2156 1435 2210 aut

478 2252 557 2332 regi,
572 2250 664 2334 cujus
678 2249 720 2313 ad
734 2272 876 2334 praeseus
892 2250 968 2314 dum
984 2253 1058 2334 plus
1076 2249 1165 2334 justo
1182 2257 1328 2312 verentur
1342 2249 1434 2325 iram,

478 2351 650 2435 negligere,
664 2352 762 2414 immo
777 2362 810 2415 et
824 2351 970 2415 occidere
980 2352 1128 2415 videntur
1142 2352 1293 2415 animam.
1327 2351 1435 2422 Quare

479 2464 585 2518 autem
607 2454 678 2519 hacc
703 2455 883 2539 scripserim
907 2454 967 2517 tibi
993 2465 1103 2517 uotum
1128 2455 1262 2517 arbitror
1285 2450 1435 2536 sapienti.

478 2557 568 2619 Vale.

541 2822 763 2886 EPISTOLA
787 2821 1026 2885 coxit-sn
1040 2837 1133 2881 11111
1149 2834 1309 2880 musaeu
1326 2834 1370 2879 ns

751 2941 909 2986 1111111111
932 2924 978 3000 [1.
991 2940 1020 2983 n.
1042 2918 1152 2998 llos]

718 3057 797 3119 Adra
813 3055 935 3118 Abbati
950 3056 990 3118 de
1005 3055 1194 3118 Eeesclrum.

490 3196 492 3201 ·
522 3168 674 3229 Paterna
689 3187 758 3229 eam
775 3186 870 3246 quam
888 3166 928 3227 ab
945 3162 1037 3226 initio
1052 3174 1170 3226 mutuas
1186 3161 1379 3244 cognitionis
1394 3161 1436 3225 ad

479 3268 616 3331 invicem
632 3267 850 3328 contraximus
866 3267 1040 3343 caritatem,
1056 3266 1186 3328 ulterior
1201 3263 1348 3348 quaedam
1358 3263 1435 3347 jure

480 3368 644 3433 societatis
666 3367 753 3429 initae
776 3366 949 3429 conciliata
970 3376 1019 3430 est
1039 3367 1122 3430 inter
1144 3389 1203 3429 uos
1226 3366 1379 3443 amicitia,
1399 3376 1435 3429 ut

480 3471 561 3533 alter
583 3468 712 3531 alterius
727 3466 884 3528 fortunam
901 3467 946 3530 sic
963 3468 995 3529 iu
1012 3468 1174 3551 utriusque
1197 3468 1290 3530 sortis
1306 3468 1434 3530 calculo

479 3571 628 3652 excipere
644 3568 760 3632 debeat
770 3569 857 3631 velut
871 3590 973 3631 suam.
1018 3571 1102 3631 Nam
1119 3570 1320 3632 affectionem
1338 3589 1434 3651 quam

480 3672 656 3738 studiorum
679 3670 928 3735 communicatio
954 3671 1079 3754 peperit
1104 3671 1263 3755 promovit
1284 3670 1320 3733 in
1341 3691 1434 3754 pere-

479 3773 655 3855 grinatione
670 3771 845 3835 similitudo
862 3784 1036 3850 morum,et
1050 3772 1271 3836 familiaritatis
1286 3795 1352 3835 non
1367 3782 1434 3836 tam

478 3877 629 3957 frequens
644 3895 739 3957 quam
749 3873 838 3958 jugis
854 3883 887 3937 ct
901 3886 1056 3957 perpetua
1067 3874 1249 3939 adinvicem
1264 3874 1433 3938 exhibitio.

478 3977 651 4040 Possemus
665 3997 740 4057 ergo
757 3973 830 4057 jure
848 3974 888 4038 de
904 3986 968 4038 tam
985 3975 1134 4039 diuturno
1150 3976 1292 4039 vicissim
1307 3975 1433 4039 silentio

480 4078 646 4160 conqueri,
663 4077 725 4139 nisi
743 4088 774 4139 et
790 4077 942 4140 distantia
961 4079 1116 4155 locorum,
1131 4087 1164 4141 et
1177 4078 1432 4140 intermeantium

478 4176 599 4252 raritas,
622 4185 655 4238 et
676 4175 858 4250 difficultas,
882 4188 935 4239 aut
957 4177 1059 4257 magis
1085 4177 1328 4259 impossibilitas
1354 4196 1429 4240 con·

479 4276 627 4341 veniendi
640 4276 862 4340 taciturnitatis
873 4276 1022 4341 indebitae
1034 4287 1184 4361 purgaret
1196 4291 1315 4342 notam.
1347 4280 1432 4341 Nam

476 4389 512 4444 ut
526 4379 765 4462 proverbialiter
779 4388 964 4461 usurpatum
987 4390 1044 4457 est,
1061 4380 1176 4443 caritas
1196 4379 1333 4461 elinguis
1348 4399 1432 4462 prae·
