3384 5525
346 786 455 861 1176]
727 802 904 848 emenone.
1231 784 1294 841 293

336 1040 557 1103 EPISTOLA
595 1039 878 1103 cccxxv-io
913 1055 1101 1099 uniuersum
1127 1052 1287 1099 uncinum

451 1159 493 1203 nr
507 1159 701 1205 currentum
717 1160 741 1204 s.
758 1158 913 1203 maurim.
962 1140 1006 1219 [A.
1021 1158 1050 1200 n.
1070 1136 1178 1215 nro]

334 1300 489 1379 Joannee‚
505 1302 618 1363 divino
632 1302 821 1381 dignatione
840 1308 871 1362 et
887 1301 1009 1361 meritis
1025 1298 1130 1360 sancii
1145 1295 1286 1363 Thomae,

377 1398 589 1463 Cornoteosis
618 1402 750 1462 ecclesio
785 1401 935 1461 minister
964 1398 1104 1469 homilis,
1136 1393 1286 1471 Philippo

375 1501 496 1563 decano
517 1501 600 1564 beati
621 1501 766 1563 Martini
787 1502 907 1580 totique
923 1499 1066 1579 capitulo
1087 1498 1123 1557 ire
1146 1494 1285 1555 Domino

370 1604 517 1666 salutem.

374 1740 660 1810 Umvansmurmr
684 1748 820 1807 vestram
851 1743 996 1827 ignorare
1023 1761 1087 1804 nou
1121 1734 1280 1800 credimus

249 1917 254 1924 Ι
328 1844 414 1929 quod
424 1846 765 1932 controversiam‚quae
776 1845 860 1909 inter
870 1845 1015 1909 homiues
1024 1842 1065 1906 de
1076 1841 1188 1904 Castro
1196 1857 1279 1900 novo

326 1946 412 2011 beati
427 1948 561 2014 Martini
581 1959 615 2012 et
632 1948 673 2011 R.
691 1947 832 2011 nobilem
853 1947 996 2012 ecclesiae
1016 1953 1128 2009 vestrae
1150 1940 1277 2003 thesau-

327 2049 445 2114 rarium
460 2051 594 2115 vertitur
608 2072 704 2136 super
720 2050 911 2137 quibusdam
931 2046 1121 2134 juramentis
1136 2042 1186 2107 vel
1201 2039 1277 2104 fidei

326 2151 528 2236 praestatione
543 2175 641 2239 quam
657 2152 781 2217 occulte
803 2153 888 2217 inter
908 2174 941 2216 se
961 2150 1111 2215 dicuntur
1131 2142 1275 2232 praedicti

324 2251 469 2318 homines
492 2254 674 2340 praestitisse
700 2255 732 2319 in
759 2255 993 2340 depressionem
1011 2251 1093 2336 juris
1114 2245 1276 2333 praedictoe

324 2354 478 2432 ecclesiae,
503 2355 649 2422 dominus
671 2379 753 2443 papa
775 2356 867 2422 nobis
891 2353 1049 2420 commisit
1072 2348 1276 2426 audiendam,

324 2467 366 2534 et,
383 2457 470 2522 omni
485 2459 733 2523 contradictione
756 2471 790 2524 et
803 2457 1017 2546 appellatione
1040 2462 1193 2531 cessante,
1208 2449 1272 2511 fine

322 2560 429 2627 debito
443 2563 688 2629 terminandam.
728 2569 796 2630 Nos
810 2570 918 2649 itaque
933 2559 1109 2625 secundum
1125 2553 1272 2640 apostoli-

321 2686 394 2729 cum
412 2666 599 2731 mandatum
622 2667 711 2731 etde
734 2666 865 2731 consilio
889 2664 1027 2729 virorum
1053 2659 1271 2743 religiosorum

320 2777 353 2830 at
372 2767 577 2852 prudentium
600 2768 817 2854 procedentes,
834 2779 867 2832 et
890 2764 1119 2833 sufficientibus
1138 2757 1271 2825 testibus

318 2867 404 2932 omui
426 2871 614 2956 exceptione
636 2871 809 2956 majoribus
830 2870 877 2934 rei
892 2869 1018 2953 cognita
1040 2864 1183 2937 veritate,
1199 2881 1270 2925 sen·

316 2970 449 3035 tentiam
462 2973 798 3038 excommunicationis
808 2972 841 3036 in
853 2972 1021 3058 praedictos
1032 2966 1188 3040 homines,
1198 2974 1267 3026 tum

314 3083 445 3157 propter
458 3096 566 3140 eorum
582 3077 783 3141 manifestam
795 3073 1038 3147 contumaciam,
1054 3082 1124 3135 tum
1139 3078 1269 3153 propter

313 3174 477 3259 praedictae
499 3178 723 3261 conjurationis
744 3179 911 3265 probatam
933 3175 1066 3241 testibus
1087 3171 1264 3248 infamiam,

312 3277 500 3343 auctoritate
515 3280 685 3365 apostolica
706 3304 769 3369 qua
782 3281 946 3365 fungimur
965 3280 997 3342 in
1013 3278 1073 3341 hac
1088 3287 1177 3361 parte
1192 3297 1265 3360 pro·

311 3379 460 3458 tulimus;
498 3382 568 3447 illos
597 3405 671 3447 vero
701 3406 779 3470 quos
808 3383 988 3450 audivimus
1012 3403 1080 3445 esse
1106 3377 1265 3465 principes

309 3480 454 3546 factionis
469 3482 659 3547 nominatim
676 3485 802 3549 vinculo
821 3484 1157 3549 excommunicationis
1172 3484 1262 3548 iuno-

308 3580 473 3660 davimus3
503 3581 535 3646 in
560 3583 698 3672 reliquos
712 3608 787 3650 vero
809 3608 930 3667 omues,
946 3588 1001 3674 qui
1023 3602 1097 3652 sunt
1116 3590 1259 3673 ejusdem

309 3683 534 3766 conjurationis
549 3686 730 3772 complices,
741 3709 804 3750 non
820 3709 861 3751 ex
875 3688 1016 3764 nomine,
1028 3689 1084 3753 sed
1099 3689 1132 3752 iu
1147 3713 1259 3760 omnes

307 3787 495 3851 sententiam
510 3790 845 3854 excommunicationis
861 3790 1050 3876 protulimus
1064 3795 1257 3876 generalem.

307 3886 407 3952 Vobis
428 3887 536 3976 itaque
558 3912 668 3955 eorum
692 3891 821 3956 nomina
842 3891 899 3978 qui
920 3893 1108 3959 nominatim
1131 3919 1257 3964 excom-

304 3989 459 4055 municati
473 4003 548 4056 sunt
568 3991 668 4057 literis
689 3994 803 4057 nostris
826 4017 973 4080 expressa
995 3999 1257 4072 transmittimus:
1293 4070 1297 4077 ,

306 4091 504 4177 Reginaldns
517 4095 688 4173 Meschini,
701 4097 815 4161 Petrus
826 4097 867 4161 de
879 4097 1092 4177 Montebruis,
1105 4102 1255 4170 Nicolaus

303 4193 1253 4282 Engelardi,PetrusAuberti‚PaganusGastinelli,Joannes

303 4294 496 4379 Ermerardi‚
521 4298 679 4363 Radulfus
701 4299 740 4364 de
766 4300 904 4378 Fulchis,
924 4302 1080 4367 Radulfus
1103 4304 1248 4382 Thomna,

304 4397 379 4461 Gilo
406 4400 566 4480 Baldnini,
595 4405 709 4467 Petrus
741 4403 874 4480 Aimeri,
902 4404 977 4469 Gilo
1004 4403 1150 4485 Thomas,
1178 4407 1252 4473 Gilo
