<?xml version="1.0" encoding="UTF-8"?>
<!DOCTYPE html PUBLIC "-//W3C//DTD XHTML 1.0 Transitional//EN"
    "http://www.w3.org/TR/xhtml1/DTD/xhtml1-transitional.dtd">
<html xmlns="http://www.w3.org/1999/xhtml" xml:lang="en" lang="en">
 <head>
  <title>
</title>
<meta http-equiv="Content-Type" content="text/html;charset=utf-8" />
  <meta name='ocr-system' content='tesseract 3.04.00' />
  <meta name='ocr-capabilities' content='ocr_page ocr_carea ocr_par ocr_line ocrx_word'/>
</head>
<body>
  <div class='ocr_page' id='page_1' title='image "./joannissaresber05johngoog_0297.png"; bbox 0 0 3384 5525; ppageno 0'>
   <div class='ocr_carea' id='block_1_1' title="bbox 459 792 1408 871">
    <p class='ocr_par' dir='ltr' id='par_1_1' title="bbox 459 792 1408 871">
     <span class='ocr_line' id='line_1_1' title="bbox 459 792 1408 871; baseline -0.006 -13"><span class='ocrx_word' id='word_1_1' title='bbox 459 800 522 858; x_wconf 71' lang='lat'><strong>978</strong></span> <span class='ocrx_word' id='word_1_2' title='bbox 724 812 861 857; x_wconf 78' lang='lat' dir='ltr'><strong>romnus</strong></span> <span class='ocrx_word' id='word_1_3' title='bbox 875 809 1154 856; x_wconf 76' lang='lat' dir='ltr'><strong>saunsnnmnusrs</strong></span> <span class='ocrx_word' id='word_1_4' title='bbox 1313 792 1360 871; x_wconf 69' lang='lat' dir='ltr'><strong>[a.</strong></span> <span class='ocrx_word' id='word_1_5' title='bbox 1376 810 1408 853; x_wconf 89' lang='lat' dir='ltr'><strong>n.</strong></span> 
     </span>
    </p>
   </div>
   <div class='ocr_carea' id='block_1_2' title="bbox 482 1049 1389 1229">
    <p class='ocr_par' dir='ltr' id='par_1_2' title="bbox 482 1049 1389 1229">
     <span class='ocr_line' id='line_1_2' title="bbox 482 1049 1389 1113; baseline -0.004 0"><span class='ocrx_word' id='word_1_6' title='bbox 482 1051 701 1113; x_wconf 77' lang='lat' dir='ltr'><strong>ut’tsTOLA</strong></span> <span class='ocrx_word' id='word_1_7' title='bbox 726 1049 975 1112; x_wconf 58' lang='lat' dir='ltr'><strong>cccxv-nr</strong></span> <span class='ocrx_word' id='word_1_8' title='bbox 991 1066 1188 1111; x_wconf 68' lang='lat' dir='ltr'><strong>saturanum</strong></span> <span class='ocrx_word' id='word_1_9' title='bbox 1205 1065 1389 1109; x_wconf 76' lang='lat' dir='ltr'><strong>nonnarum.</strong></span> 
     </span>
     <span class='ocr_line' id='line_1_3' title="bbox 823 1149 1041 1229; baseline 0.005 -18"><span class='ocrx_word' id='word_1_10' title='bbox 823 1149 868 1227; x_wconf 78' lang='grc' dir='ltr'><strong>[Α.</strong></span> <span class='ocrx_word' id='word_1_11' title='bbox 884 1170 914 1211; x_wconf 89' lang='lat' dir='ltr'><strong>n.</strong></span> <span class='ocrx_word' id='word_1_12' title='bbox 934 1149 1041 1229; x_wconf 75' lang='lat' dir='ltr'><strong>itta]</strong></span> 
     </span>
    </p>
   </div>
   <div class='ocr_carea' id='block_1_3' title="bbox 750 1326 1127 1389">
    <p class='ocr_par' dir='ltr' id='par_1_3' title="bbox 750 1326 1127 1389">
     <span class='ocr_line' id='line_1_4' title="bbox 750 1326 1127 1389; baseline -0.005 0"><span class='ocrx_word' id='word_1_13' title='bbox 750 1326 887 1389; x_wconf 81' lang='lat' dir='ltr'><strong>Domino</strong></span> <span class='ocrx_word' id='word_1_14' title='bbox 904 1326 1063 1389; x_wconf 82' lang='lat' dir='ltr'><strong>Gratiano</strong></span> <span class='ocrx_word' id='word_1_15' title='bbox 1078 1326 1127 1387; x_wconf 89' lang='lat' dir='ltr'><strong>Jo.</strong></span> 
     </span>
    </p>
   </div>
   <div class='ocr_carea' id='block_1_4' title="bbox 454 1468 1411 2879">
    <p class='ocr_par' dir='ltr' id='par_1_4' title="bbox 454 1468 1411 2879">
     <span class='ocr_line' id='line_1_5' title="bbox 502 1468 1409 1554; baseline -0.002 -21"><span class='ocrx_word' id='word_1_16' title='bbox 502 1474 651 1535; x_wconf 69' lang='lat' dir='ltr'><strong>Ventris</strong></span> <span class='ocrx_word' id='word_1_17' title='bbox 674 1469 806 1543; x_wconf 87' lang='lat' dir='ltr'><strong>Christi,</strong></span> <span class='ocrx_word' id='word_1_18' title='bbox 830 1491 926 1554; x_wconf 89' lang='lat' dir='ltr'><strong>quam</strong></span> <span class='ocrx_word' id='word_1_19' title='bbox 950 1469 982 1531; x_wconf 95' lang='lat' dir='ltr'><strong>iu</strong></span> <span class='ocrx_word' id='word_1_20' title='bbox 1008 1468 1098 1532; x_wconf 86' lang='lat' dir='ltr'><strong>vobis</strong></span> <span class='ocrx_word' id='word_1_21' title='bbox 1113 1491 1179 1533; x_wconf 89' lang='lat' dir='ltr'><strong>csse</strong></span> <span class='ocrx_word' id='word_1_22' title='bbox 1196 1492 1263 1554; x_wconf 87' lang='lat' dir='ltr'><strong>prae</strong></span> <span class='ocrx_word' id='word_1_23' title='bbox 1286 1468 1409 1532; x_wconf 85' lang='lat' dir='ltr'><strong>caeteris</strong></span> 
     </span>
     <span class='ocr_line' id='line_1_6' title="bbox 459 1570 1411 1657; baseline -0.001 -23"><span class='ocrx_word' id='word_1_24' title='bbox 459 1573 514 1657; x_wconf 88' lang='lat' dir='ltr'><strong>qui</strong></span> <span class='ocrx_word' id='word_1_25' title='bbox 539 1571 622 1635; x_wconf 90' lang='lat' dir='ltr'><strong>missi</strong></span> <span class='ocrx_word' id='word_1_26' title='bbox 646 1572 772 1635; x_wconf 88' lang='lat' dir='ltr'><strong>fuerant</strong></span> <span class='ocrx_word' id='word_1_27' title='bbox 794 1572 826 1634; x_wconf 94' lang='lat' dir='ltr'><strong>in</strong></span> <span class='ocrx_word' id='word_1_28' title='bbox 849 1571 978 1656; x_wconf 87' lang='lat' dir='ltr'><strong>negotio</strong></span> <span class='ocrx_word' id='word_1_29' title='bbox 1000 1574 1099 1635; x_wconf 89' lang='lat' dir='ltr'><strong>sancti</strong></span> <span class='ocrx_word' id='word_1_30' title='bbox 1116 1570 1248 1635; x_wconf 86' lang='lat' dir='ltr'><strong>Thomae</strong></span> <span class='ocrx_word' id='word_1_31' title='bbox 1272 1570 1411 1633; x_wconf 91' lang='lat' dir='ltr'><strong>mundus</strong></span> 
     </span>
     <span class='ocr_line' id='line_1_7' title="bbox 458 1672 1410 1758; baseline 0.001 -24"><span class='ocrx_word' id='word_1_32' title='bbox 458 1674 601 1757; x_wconf 86' lang='lat' dir='ltr'><strong>agnovit,</strong></span> <span class='ocrx_word' id='word_1_33' title='bbox 616 1674 692 1736; x_wconf 90' lang='lat' dir='ltr'><strong>mihi</strong></span> <span class='ocrx_word' id='word_1_34' title='bbox 708 1672 931 1737; x_wconf 90' lang='lat' dir='ltr'><strong>confidentiam</strong></span> <span class='ocrx_word' id='word_1_35' title='bbox 948 1685 1090 1757; x_wconf 77' lang='lat' dir='ltr'><strong>praestat,</strong></span> <span class='ocrx_word' id='word_1_36' title='bbox 1107 1685 1142 1736; x_wconf 91' lang='lat' dir='ltr'><strong>ut</strong></span> <span class='ocrx_word' id='word_1_37' title='bbox 1157 1695 1211 1736; x_wconf 91' lang='lat' dir='ltr'><strong>eos</strong></span> <span class='ocrx_word' id='word_1_38' title='bbox 1234 1695 1315 1758; x_wconf 93' lang='lat' dir='ltr'><strong>quos</strong></span> <span class='ocrx_word' id='word_1_39' title='bbox 1330 1693 1410 1757; x_wconf 87' lang='lat' dir='ltr'><strong>prae-</strong></span> 
     </span>
     <span class='ocr_line' id='line_1_8' title="bbox 459 1772 1411 1860; baseline 0.001 -24"><span class='ocrx_word' id='word_1_40' title='bbox 459 1774 525 1837; x_wconf 81' lang='lat' dir='ltr'><strong>sato</strong></span> <span class='ocrx_word' id='word_1_41' title='bbox 555 1776 686 1860; x_wconf 84' lang='lat' dir='ltr'>martyri</span> <span class='ocrx_word' id='word_1_42' title='bbox 713 1775 845 1838; x_wconf 88' lang='lat' dir='ltr'><strong>devotos</strong></span> <span class='ocrx_word' id='word_1_43' title='bbox 870 1797 936 1838; x_wconf 87' lang='lat' dir='ltr'><strong>esse</strong></span> <span class='ocrx_word' id='word_1_44' title='bbox 961 1787 1084 1839; x_wconf 87' lang='lat' dir='ltr'><strong>constat</strong></span> <span class='ocrx_word' id='word_1_45' title='bbox 1108 1772 1271 1838; x_wconf 74' lang='lat' dir='ltr'><strong>dilectioni</strong></span> <span class='ocrx_word' id='word_1_46' title='bbox 1298 1784 1411 1837; x_wconf 82' lang='lat' dir='ltr'><strong>vestrae</strong></span> 
     </span>
     <span class='ocr_line' id='line_1_9' title="bbox 458 1874 1409 1940; baseline -0.001 -1"><span class='ocrx_word' id='word_1_47' title='bbox 458 1899 566 1940; x_wconf 91' lang='lat' dir='ltr'><strong>secure</strong></span> <span class='ocrx_word' id='word_1_48' title='bbox 590 1876 721 1940; x_wconf 85' lang='lat' dir='ltr'><strong>audeam</strong></span> <span class='ocrx_word' id='word_1_49' title='bbox 752 1874 982 1940; x_wconf 89' lang='lat' dir='ltr'><strong>commendare.</strong></span> <span class='ocrx_word' id='word_1_50' title='bbox 1029 1877 1155 1939; x_wconf 91' lang='lat' dir='ltr'><strong>Horum</strong></span> <span class='ocrx_word' id='word_1_51' title='bbox 1187 1898 1271 1939; x_wconf 92' lang='lat' dir='ltr'><strong>unus</strong></span> <span class='ocrx_word' id='word_1_52' title='bbox 1299 1889 1347 1939; x_wconf 92' lang='lat' dir='ltr'><strong>est</strong></span> <span class='ocrx_word' id='word_1_53' title='bbox 1377 1888 1409 1938; x_wconf 87' lang='lat' dir='ltr'><strong>et</strong></span> 
     </span>
     <span class='ocr_line' id='line_1_10' title="bbox 458 1976 1407 2064; baseline 0 -25"><span class='ocrx_word' id='word_1_54' title='bbox 458 1977 672 2041; x_wconf 87' lang='lat' dir='ltr'><strong>numerandus</strong></span> <span class='ocrx_word' id='word_1_55' title='bbox 697 1978 729 2041; x_wconf 91' lang='lat' dir='ltr'><strong>in</strong></span> <span class='ocrx_word' id='word_1_56' title='bbox 755 1979 878 2064; x_wconf 90' lang='lat' dir='ltr'><strong>primis,</strong></span> <span class='ocrx_word' id='word_1_57' title='bbox 907 1976 1095 2041; x_wconf 88' lang='lat' dir='ltr'><strong>venerabilis</strong></span> <span class='ocrx_word' id='word_1_58' title='bbox 1120 1977 1167 2040; x_wconf 90' lang='lat' dir='ltr'><strong>vir</strong></span> <span class='ocrx_word' id='word_1_59' title='bbox 1194 1978 1238 2039; x_wconf 88' lang='lat' dir='ltr'><strong>R.</strong></span> <span class='ocrx_word' id='word_1_60' title='bbox 1260 1977 1407 2040; x_wconf 87' lang='lat' dir='ltr'><strong>Winton.</strong></span> 
     </span>
     <span class='ocr_line' id='line_1_11' title="bbox 456 2078 1406 2165; baseline 0.001 -25"><span class='ocrx_word' id='word_1_61' title='bbox 456 2078 586 2159; x_wconf 87' lang='lat' dir='ltr'><strong>electus,</strong></span> <span class='ocrx_word' id='word_1_62' title='bbox 596 2080 758 2165; x_wconf 91' lang='lat' dir='ltr'><strong>quondam</strong></span> <span class='ocrx_word' id='word_1_63' title='bbox 772 2080 952 2143; x_wconf 89' lang='lat' dir='ltr'><strong>Pictavens.</strong></span> <span class='ocrx_word' id='word_1_64' title='bbox 966 2078 1086 2141; x_wconf 84' lang='lat' dir='ltr'><strong>archid.</strong></span> <span class='ocrx_word' id='word_1_65' title='bbox 1098 2078 1293 2165; x_wconf 90' lang='lat' dir='ltr'><strong>pupillorum</strong></span> <span class='ocrx_word' id='word_1_66' title='bbox 1305 2092 1406 2165; x_wconf 87' lang='lat' dir='ltr'><strong>pater,</strong></span> 
     </span>
     <span class='ocr_line' id='line_1_12' title="bbox 455 2180 1407 2255; baseline -0.002 -10"><span class='ocrx_word' id='word_1_67' title='bbox 455 2196 485 2246; x_wconf 89' lang='lat' dir='ltr'><strong>et</strong></span> <span class='ocrx_word' id='word_1_68' title='bbox 509 2186 710 2246; x_wconf 87' lang='lat' dir='ltr'><strong>moerentium</strong></span> <span class='ocrx_word' id='word_1_69' title='bbox 732 2180 919 2255; x_wconf 85' lang='lat' dir='ltr'>consolator,</span> <span class='ocrx_word' id='word_1_70' title='bbox 943 2180 1049 2244; x_wconf 79' lang='lat' dir='ltr'>fautor</span> <span class='ocrx_word' id='word_1_71' title='bbox 1072 2182 1289 2246; x_wconf 86' lang='lat' dir='ltr'><strong>ecclesiasticae</strong></span> <span class='ocrx_word' id='word_1_72' title='bbox 1312 2180 1407 2245; x_wconf 86' lang='lat' dir='ltr'><strong>liber-</strong></span> 
     </span>
     <span class='ocr_line' id='line_1_13' title="bbox 456 2283 1408 2371; baseline -0.002 -23"><span class='ocrx_word' id='word_1_73' title='bbox 456 2285 540 2363; x_wconf 83' lang='lat' dir='ltr'><strong>tatis,</strong></span> <span class='ocrx_word' id='word_1_74' title='bbox 551 2286 687 2370; x_wconf 82' lang='lat' dir='ltr'><strong>justitiae</strong></span> <span class='ocrx_word' id='word_1_75' title='bbox 702 2284 816 2362; x_wconf 87' lang='lat' dir='ltr'><strong>cultor,</strong></span> <span class='ocrx_word' id='word_1_76' title='bbox 833 2297 865 2347; x_wconf 90' lang='lat' dir='ltr'><strong>et</strong></span> <span class='ocrx_word' id='word_1_77' title='bbox 886 2283 1063 2369; x_wconf 89' lang='lat' dir='ltr'><strong>iniquitatis</strong></span> <span class='ocrx_word' id='word_1_78' title='bbox 1082 2285 1292 2365; x_wconf 89' lang='lat' dir='ltr'><strong>adversarius,</strong></span> <span class='ocrx_word' id='word_1_79' title='bbox 1307 2307 1408 2371; x_wconf 92' lang='lat' dir='ltr'><strong>quan-</strong></span> 
     </span>
     <span class='ocr_line' id='line_1_14' title="bbox 456 2383 1409 2471; baseline -0.001 -21"><span class='ocrx_word' id='word_1_80' title='bbox 456 2400 523 2450; x_wconf 93' lang='lat' dir='ltr'><strong>tum</strong></span> <span class='ocrx_word' id='word_1_81' title='bbox 540 2407 598 2469; x_wconf 90' lang='lat' dir='ltr'><strong>pro</strong></span> <span class='ocrx_word' id='word_1_82' title='bbox 614 2399 755 2471; x_wconf 89' lang='lat' dir='ltr'><strong>tempore</strong></span> <span class='ocrx_word' id='word_1_83' title='bbox 771 2384 855 2462; x_wconf 89' lang='lat' dir='ltr'><strong>licet,</strong></span> <span class='ocrx_word' id='word_1_84' title='bbox 868 2386 963 2447; x_wconf 92' lang='lat' dir='ltr'><strong>immo</strong></span> <span class='ocrx_word' id='word_1_85' title='bbox 979 2383 1123 2460; x_wconf 90' lang='lat' dir='ltr'><strong>ulterius,</strong></span> <span class='ocrx_word' id='word_1_86' title='bbox 1136 2397 1171 2449; x_wconf 94' lang='lat' dir='ltr'><strong>ut</strong></span> <span class='ocrx_word' id='word_1_87' title='bbox 1187 2384 1219 2447; x_wconf 90' lang='lat' dir='ltr'><strong>in</strong></span> <span class='ocrx_word' id='word_1_88' title='bbox 1234 2408 1306 2448; x_wconf 91' lang='lat' dir='ltr'><strong>eum</strong></span> <span class='ocrx_word' id='word_1_89' title='bbox 1324 2409 1409 2471; x_wconf 68' lang='lat' dir='ltr'><strong>saepe</strong></span> 
     </span>
     <span class='ocr_line' id='line_1_15' title="bbox 454 2485 1406 2573; baseline -0.001 -23"><span class='ocrx_word' id='word_1_90' title='bbox 454 2510 513 2573; x_wconf 92' lang='lat' dir='ltr'><strong>pro</strong></span> <span class='ocrx_word' id='word_1_91' title='bbox 529 2486 668 2550; x_wconf 90' lang='lat' dir='ltr'><strong>Domino</strong></span> <span class='ocrx_word' id='word_1_92' title='bbox 679 2488 922 2550; x_wconf 82' lang='lat' dir='ltr'><strong>contendentem</strong></span> <span class='ocrx_word' id='word_1_93' title='bbox 939 2508 1000 2547; x_wconf 92' lang='lat' dir='ltr'><strong>non</strong></span> <span class='ocrx_word' id='word_1_94' title='bbox 1013 2487 1079 2549; x_wconf 90' lang='lat' dir='ltr'><strong>sine</strong></span> <span class='ocrx_word' id='word_1_95' title='bbox 1094 2485 1236 2570; x_wconf 87' lang='lat' dir='ltr'><strong>periculo</strong></span> <span class='ocrx_word' id='word_1_96' title='bbox 1251 2485 1406 2549; x_wconf 91' lang='lat' dir='ltr'><strong>malorum</strong></span> 
     </span>
     <span class='ocr_line' id='line_1_16' title="bbox 455 2588 1409 2675; baseline 0.002 -24"><span class='ocrx_word' id='word_1_97' title='bbox 455 2590 594 2675; x_wconf 89' lang='lat' dir='ltr'><strong>impetus</strong></span> <span class='ocrx_word' id='word_1_98' title='bbox 608 2588 826 2652; x_wconf 82' lang='lat' dir='ltr'><strong>excandescat.</strong></span> <span class='ocrx_word' id='word_1_99' title='bbox 874 2590 981 2651; x_wconf 88' lang='lat' dir='ltr'>Homo</span> <span class='ocrx_word' id='word_1_100' title='bbox 1003 2588 1137 2651; x_wconf 88' lang='lat' dir='ltr'><strong>devotus</strong></span> <span class='ocrx_word' id='word_1_101' title='bbox 1157 2600 1204 2653; x_wconf 93' lang='lat' dir='ltr'><strong>est</strong></span> <span class='ocrx_word' id='word_1_102' title='bbox 1227 2588 1409 2673; x_wconf 88' lang='lat' dir='ltr'><strong>apostolicae</strong></span> 
     </span>
     <span class='ocr_line' id='line_1_17' title="bbox 454 2690 1410 2777; baseline -0.001 -23"><span class='ocrx_word' id='word_1_103' title='bbox 454 2692 519 2755; x_wconf 89' lang='lat' dir='ltr'><strong>sedi</strong></span> <span class='ocrx_word' id='word_1_104' title='bbox 536 2705 568 2755; x_wconf 94' lang='lat' dir='ltr'><strong>et</strong></span> <span class='ocrx_word' id='word_1_105' title='bbox 590 2692 685 2777; x_wconf 89' lang='lat' dir='ltr'><strong>cujus</strong></span> <span class='ocrx_word' id='word_1_106' title='bbox 706 2690 904 2754; x_wconf 77' lang='lat' dir='ltr'><strong>familiaritas</strong></span> <span class='ocrx_word' id='word_1_107' title='bbox 928 2690 1038 2753; x_wconf 90' lang='lat' dir='ltr'><strong>honori</strong></span> <span class='ocrx_word' id='word_1_108' title='bbox 1062 2702 1165 2753; x_wconf 86' lang='lat' dir='ltr'><strong>vestro</strong></span> <span class='ocrx_word' id='word_1_109' title='bbox 1189 2690 1289 2755; x_wconf 81' lang='lat' dir='ltr'><strong>valeat</strong></span> <span class='ocrx_word' id='word_1_110' title='bbox 1311 2691 1410 2754; x_wconf 89' lang='lat' dir='ltr'><strong>inser-</strong></span> 
     </span>
     <span class='ocr_line' id='line_1_18' title="bbox 454 2792 1410 2879; baseline 0.002 -23"><span class='ocrx_word' id='word_1_111' title='bbox 454 2795 531 2860; x_wconf 88' lang='lat' dir='ltr'><strong>vire.</strong></span> <span class='ocrx_word' id='word_1_112' title='bbox 576 2798 621 2859; x_wconf 88' lang='lat' dir='ltr'><strong>Et</strong></span> <span class='ocrx_word' id='word_1_113' title='bbox 645 2793 775 2879; x_wconf 91' lang='lat' dir='ltr'><strong>quidem</strong></span> <span class='ocrx_word' id='word_1_114' title='bbox 803 2792 960 2856; x_wconf 81' lang='lat' dir='ltr'><strong>desiderat</strong></span> <span class='ocrx_word' id='word_1_115' title='bbox 989 2809 1025 2856; x_wconf 89' lang='lat' dir='ltr'><strong>ut</strong></span> <span class='ocrx_word' id='word_1_116' title='bbox 1049 2793 1201 2858; x_wconf 85' lang='lat' dir='ltr'><strong>sedulitas</strong></span> <span class='ocrx_word' id='word_1_117' title='bbox 1226 2794 1295 2879; x_wconf 90' lang='lat' dir='ltr'><strong>ejus</strong></span> <span class='ocrx_word' id='word_1_118' title='bbox 1320 2794 1410 2858; x_wconf 87' lang='lat' dir='ltr'><strong>vobis</strong></span> 
     </span>
    </p>
   </div>
   <div class='ocr_carea' id='block_1_5' title="bbox 453 2895 1410 3078">
    <p class='ocr_par' dir='ltr' id='par_1_5' title="bbox 453 2895 1410 3078">
     <span class='ocr_line' id='line_1_19' title="bbox 453 2895 1410 2983; baseline 0.001 -24"><span class='ocrx_word' id='word_1_119' title='bbox 453 2898 590 2962; x_wconf 89' lang='lat' dir='ltr'><strong>officiosa</strong></span> <span class='ocrx_word' id='word_1_120' title='bbox 603 2898 701 2983; x_wconf 86' lang='lat' dir='ltr'><strong>possit</strong></span> <span class='ocrx_word' id='word_1_121' title='bbox 717 2919 783 2960; x_wconf 86' lang='lat' dir='ltr'><strong>esse</strong></span> <span class='ocrx_word' id='word_1_122' title='bbox 792 2899 823 2960; x_wconf 90' lang='lat' dir='ltr'><strong>in</strong></span> <span class='ocrx_word' id='word_1_123' title='bbox 840 2895 962 2981; x_wconf 70' lang='lat' dir='ltr'><strong>aliqum</strong></span> <span class='ocrx_word' id='word_1_124' title='bbox 972 2896 1142 2981; x_wconf 89' lang='lat' dir='ltr'><strong>magnique</strong></span> <span class='ocrx_word' id='word_1_125' title='bbox 1152 2896 1292 2961; x_wconf 89' lang='lat' dir='ltr'><strong>censebit</strong></span> <span class='ocrx_word' id='word_1_126' title='bbox 1307 2896 1410 2962; x_wconf 89' lang='lat' dir='ltr'><strong>instar</strong></span> 
     </span>
     <span class='ocr_line' id='line_1_20' title="bbox 454 2993 1410 3078; baseline 0.002 -23"><span class='ocrx_word' id='word_1_127' title='bbox 454 2993 593 3058; x_wconf 88' lang='lat' dir='ltr'><strong>muneris</strong></span> <span class='ocrx_word' id='word_1_128' title='bbox 620 2995 646 3057; x_wconf 93' lang='lat' dir='ltr'><strong>si</strong></span> <span class='ocrx_word' id='word_1_129' title='bbox 672 2994 700 3057; x_wconf 89' lang='lat' dir='ltr'><strong>ei</strong></span> <span class='ocrx_word' id='word_1_130' title='bbox 728 2993 900 3078; x_wconf 92' lang='lat' dir='ltr'><strong>quicquam</strong></span> <span class='ocrx_word' id='word_1_131' title='bbox 928 2993 1094 3077; x_wconf 84' lang='lat' dir='ltr'><strong>injungere</strong></span> <span class='ocrx_word' id='word_1_132' title='bbox 1121 2993 1255 3057; x_wconf 89' lang='lat' dir='ltr'><strong>voluerit</strong></span> <span class='ocrx_word' id='word_1_133' title='bbox 1281 2993 1410 3058; x_wconf 89' lang='lat' dir='ltr'><strong>dilectio</strong></span> 
     </span>
    </p>
   </div>
   <div class='ocr_carea' id='block_1_6' title="bbox 452 3093 1408 3987">
    <p class='ocr_par' dir='ltr' id='par_1_6' title="bbox 452 3093 1408 3987">
     <span class='ocr_line' id='line_1_21' title="bbox 454 3093 1408 3180; baseline 0.003 -25"><span class='ocrx_word' id='word_1_134' title='bbox 454 3109 567 3159; x_wconf 89' lang='lat' dir='ltr'><strong>vestra.</strong></span> <span class='ocrx_word' id='word_1_135' title='bbox 602 3096 685 3173; x_wconf 85' lang='lat' dir='ltr'><strong>Quia</strong></span> <span class='ocrx_word' id='word_1_136' title='bbox 700 3119 776 3180; x_wconf 87' lang='lat' dir='ltr'><strong>ergo</strong></span> <span class='ocrx_word' id='word_1_137' title='bbox 792 3094 965 3158; x_wconf 90' lang='lat' dir='ltr'><strong>secundum</strong></span> <span class='ocrx_word' id='word_1_138' title='bbox 984 3093 1088 3159; x_wconf 91' lang='lat' dir='ltr'><strong>Deum</strong></span> <span class='ocrx_word' id='word_1_139' title='bbox 1105 3095 1145 3158; x_wconf 91' lang='lat' dir='ltr'><strong>ad</strong></span> <span class='ocrx_word' id='word_1_140' title='bbox 1163 3118 1295 3180; x_wconf 85' lang='lat' dir='ltr'><strong>regnum</strong></span> <span class='ocrx_word' id='word_1_141' title='bbox 1311 3096 1408 3160; x_wconf 87' lang='lat' dir='ltr'><strong>eccle-</strong></span> 
     </span>
     <span class='ocr_line' id='line_1_22' title="bbox 453 3196 1408 3263; baseline 0.005 -6"><span class='ocrx_word' id='word_1_142' title='bbox 453 3196 508 3258; x_wconf 85' lang='lat' dir='ltr'><strong>siae</strong></span> <span class='ocrx_word' id='word_1_143' title='bbox 523 3198 692 3263; x_wconf 85' lang='lat' dir='ltr'><strong>salubriter</strong></span> <span class='ocrx_word' id='word_1_144' title='bbox 712 3211 744 3260; x_wconf 90' lang='lat' dir='ltr'><strong>et</strong></span> <span class='ocrx_word' id='word_1_145' title='bbox 759 3196 799 3259; x_wconf 94' lang='lat' dir='ltr'><strong>ad</strong></span> <span class='ocrx_word' id='word_1_146' title='bbox 821 3197 1064 3261; x_wconf 89' lang='lat' dir='ltr'><strong>consolationem</strong></span> <span class='ocrx_word' id='word_1_147' title='bbox 1085 3197 1257 3261; x_wconf 87' lang='lat' dir='ltr'><strong>multorum</strong></span> <span class='ocrx_word' id='word_1_148' title='bbox 1274 3212 1408 3262; x_wconf 89' lang='lat' dir='ltr'><strong>vocatus</strong></span> 
     </span>
     <span class='ocr_line' id='line_1_23' title="bbox 453 3290 1406 3385; baseline 0.005 -26"><span class='ocrx_word' id='word_1_149' title='bbox 453 3310 502 3361; x_wconf 91' lang='lat' dir='ltr'><strong>est</strong></span> <span class='ocrx_word' id='word_1_150' title='bbox 517 3300 657 3363; x_wconf 86' lang='lat' dir='ltr'><strong>caritatis</strong></span> <span class='ocrx_word' id='word_1_151' title='bbox 669 3311 782 3362; x_wconf 87' lang='lat' dir='ltr'><strong>vestrae</strong></span> <span class='ocrx_word' id='word_1_152' title='bbox 796 3300 931 3381; x_wconf 86' lang='lat' dir='ltr'><strong>genibus</strong></span> <span class='ocrx_word' id='word_1_153' title='bbox 946 3298 1135 3384; x_wconf 89' lang='lat' dir='ltr'><strong>provolutus</strong></span> <span class='ocrx_word' id='word_1_154' title='bbox 1145 3290 1406 3385; x_wconf 85' lang='lat' dir='ltr'><strong>quantacumque</strong></span> 
     </span>
     <span class='ocr_line' id='line_1_24' title="bbox 453 3398 1404 3486; baseline 0.004 -25"><span class='ocrx_word' id='word_1_155' title='bbox 453 3419 582 3482; x_wconf 90' lang='lat' dir='ltr'><strong>possum</strong></span> <span class='ocrx_word' id='word_1_156' title='bbox 598 3398 747 3462; x_wconf 87' lang='lat' dir='ltr'><strong>instantia</strong></span> <span class='ocrx_word' id='word_1_157' title='bbox 762 3399 919 3482; x_wconf 86' lang='lat' dir='ltr'><strong>supplico,</strong></span> <span class='ocrx_word' id='word_1_158' title='bbox 936 3399 1089 3484; x_wconf 88' lang='lat' dir='ltr'><strong>quatinus</strong></span> <span class='ocrx_word' id='word_1_159' title='bbox 1106 3412 1137 3464; x_wconf 91' lang='lat' dir='ltr'><strong>et</strong></span> <span class='ocrx_word' id='word_1_160' title='bbox 1152 3423 1319 3485; x_wconf 86' lang='lat' dir='ltr'><strong>personam</strong></span> <span class='ocrx_word' id='word_1_161' title='bbox 1333 3402 1404 3486; x_wconf 88' lang='lat' dir='ltr'><strong>ejus</strong></span> 
     </span>
     <span class='ocr_line' id='line_1_25' title="bbox 453 3498 1406 3585; baseline 0.003 -23"><span class='ocrx_word' id='word_1_162' title='bbox 453 3512 485 3562; x_wconf 91' lang='lat' dir='ltr'><strong>et</strong></span> <span class='ocrx_word' id='word_1_163' title='bbox 500 3521 625 3562; x_wconf 91' lang='lat' dir='ltr'><strong>causam</strong></span> <span class='ocrx_word' id='word_1_164' title='bbox 649 3498 793 3561; x_wconf 89' lang='lat' dir='ltr'><strong>habeatis</strong></span> <span class='ocrx_word' id='word_1_165' title='bbox 814 3502 1005 3585; x_wconf 89' lang='lat' dir='ltr'><strong>propensius</strong></span> <span class='ocrx_word' id='word_1_166' title='bbox 1028 3502 1289 3577; x_wconf 85' lang='lat' dir='ltr'><strong>commendatam,</strong></span> <span class='ocrx_word' id='word_1_167' title='bbox 1306 3515 1337 3566; x_wconf 91' lang='lat' dir='ltr'><strong>et</strong></span> <span class='ocrx_word' id='word_1_168' title='bbox 1362 3503 1406 3566; x_wconf 91' lang='lat' dir='ltr'><strong>sic</strong></span> 
     </span>
     <span class='ocr_line' id='line_1_26' title="bbox 453 3600 1406 3689; baseline 0.005 -26"><span class='ocrx_word' id='word_1_169' title='bbox 453 3601 551 3686; x_wconf 91' lang='lat' dir='ltr'><strong>ipsius</strong></span> <span class='ocrx_word' id='word_1_170' title='bbox 568 3600 779 3683; x_wconf 88' lang='lat' dir='ltr'><strong>promoveatis</strong></span> <span class='ocrx_word' id='word_1_171' title='bbox 795 3600 932 3684; x_wconf 88' lang='lat' dir='ltr'><strong>negotia,</strong></span> <span class='ocrx_word' id='word_1_172' title='bbox 947 3603 1029 3668; x_wconf 91' lang='lat' dir='ltr'><strong>sicut</strong></span> <span class='ocrx_word' id='word_1_173' title='bbox 1044 3602 1257 3689; x_wconf 87' lang='lat' dir='ltr'><strong>expediendas</strong></span> <span class='ocrx_word' id='word_1_174' title='bbox 1271 3603 1406 3667; x_wconf 89' lang='lat' dir='ltr'><strong>novistis</strong></span> 
     </span>
     <span class='ocr_line' id='line_1_27' title="bbox 454 3701 1406 3783; baseline 0.002 -18"><span class='ocrx_word' id='word_1_175' title='bbox 454 3701 638 3783; x_wconf 84' lang='lat' dir='ltr'><strong>Anglicanae</strong></span> <span class='ocrx_word' id='word_1_176' title='bbox 661 3702 800 3766; x_wconf 78' lang='lat' dir='ltr'><strong>ecclesiae</strong></span> <span class='ocrx_word' id='word_1_177' title='bbox 823 3703 1033 3768; x_wconf 89' lang='lat' dir='ltr'><strong>necessitates.</strong></span> <span class='ocrx_word' id='word_1_178' title='bbox 1079 3708 1120 3770; x_wconf 82' lang='lat' dir='ltr'><strong>Se</strong></span> <span class='ocrx_word' id='word_1_179' title='bbox 1135 3704 1218 3767; x_wconf 92' lang='lat' dir='ltr'><strong>enim</strong></span> <span class='ocrx_word' id='word_1_180' title='bbox 1234 3717 1352 3781; x_wconf 91' lang='lat' dir='ltr'><strong>totum,</strong></span> <span class='ocrx_word' id='word_1_181' title='bbox 1369 3718 1406 3770; x_wconf 91' lang='lat' dir='ltr'><strong>ut</strong></span> 
     </span>
     <span class='ocr_line' id='line_1_28' title="bbox 452 3800 1407 3890; baseline 0.005 -26"><span class='ocrx_word' id='word_1_182' title='bbox 452 3800 634 3865; x_wconf 91' lang='lat' dir='ltr'><strong>indubitata</strong></span> <span class='ocrx_word' id='word_1_183' title='bbox 648 3824 718 3887; x_wconf 91' lang='lat' dir='ltr'><strong>spes</strong></span> <span class='ocrx_word' id='word_1_184' title='bbox 733 3815 793 3877; x_wconf 90' lang='lat' dir='ltr'><strong>est,</strong></span> <span class='ocrx_word' id='word_1_185' title='bbox 811 3802 932 3866; x_wconf 93' lang='lat' dir='ltr'><strong>Christi</strong></span> <span class='ocrx_word' id='word_1_186' title='bbox 947 3803 1078 3867; x_wconf 89' lang='lat' dir='ltr'><strong>devovit</strong></span> <span class='ocrx_word' id='word_1_187' title='bbox 1093 3803 1257 3888; x_wconf 90' lang='lat' dir='ltr'><strong>obsequio,</strong></span> <span class='ocrx_word' id='word_1_188' title='bbox 1273 3818 1407 3890; x_wconf 89' lang='lat' dir='ltr'><strong>paratus</strong></span> 
     </span>
     <span class='ocr_line' id='line_1_29' title="bbox 452 3901 1407 3987; baseline 0.004 -24"><span class='ocrx_word' id='word_1_189' title='bbox 452 3901 544 3964; x_wconf 90' lang='lat' dir='ltr'><strong>etiam</strong></span> <span class='ocrx_word' id='word_1_190' title='bbox 556 3901 715 3986; x_wconf 87' lang='lat' dir='ltr'><strong>propriam</strong></span> <span class='ocrx_word' id='word_1_191' title='bbox 725 3902 860 3966; x_wconf 90' lang='lat' dir='ltr'><strong>animam</strong></span> <span class='ocrx_word' id='word_1_192' title='bbox 879 3925 935 3987; x_wconf 87' lang='lat' dir='ltr'><strong>pro</strong></span> <span class='ocrx_word' id='word_1_193' title='bbox 946 3904 1077 3968; x_wconf 85' lang='lat' dir='ltr'><strong>ecclesia</strong></span> <span class='ocrx_word' id='word_1_194' title='bbox 1088 3904 1258 3968; x_wconf 87' lang='lat' dir='ltr'><strong>victimare.</strong></span> <span class='ocrx_word' id='word_1_195' title='bbox 1282 3905 1407 3970; x_wconf 89' lang='lat' dir='ltr'><strong>Valete.</strong></span> 
     </span>
    </p>
   </div>
   <div class='ocr_carea' id='block_1_7' title="bbox 0 0 1696 5525">
    <p class='ocr_par' dir='ltr' id='par_1_7' title="bbox 0 0 1696 5525">
     <span class='ocr_line' id='line_1_30' title="bbox 0 0 1696 5525; baseline 0 3"><span class='ocrx_word' id='word_1_196' title='bbox 0 0 1696 5525; x_wconf 95' lang='lat' dir='ltr'><strong> </strong></span> 
     </span>
    </p>
   </div>
  </div>
 </body>
</html>
