3384 5525
245 749 353 828 nrt]
623 742 801 812 mussona.
1134 760 1196 817 255

243 917 363 981 furoris
382 916 510 981 intulit:
534 917 582 980 Ut
605 916 700 980 modo
723 918 879 995 moriaris,
898 918 1092 1004 impossibile
1113 921 1196 985 enim

242 1033 289 1083 est
321 1032 358 1083 ut
389 1019 522 1084 ulterius
551 1018 650 1082 vivas.
699 1018 876 1106 Respondit
899 1032 1006 1085 autem
1029 1022 1198 1108 archiepis-

242 1144 343 1208 copus
365 1144 427 1184 non
449 1120 563 1185 minori
580 1121 756 1185 constantia
773 1122 863 1186 verbi
882 1144 979 1207 quam
999 1123 1107 1200 animi,
1122 1124 1200 1209 quia

243 1224 348 1309 (quod
364 1224 504 1289 omnium
521 1237 697 1309 martyrum
713 1245 791 1309 pace
806 1247 845 1287 ex
863 1224 959 1290 animi
974 1225 1036 1289 mei
1045 1225 1200 1290 sententia

241 1325 378 1389 fidenter
407 1324 554 1406 dixerim)
584 1323 693 1387 nullus
714 1346 823 1387 eorum
849 1324 977 1389 videtur
997 1325 1029 1388 in
1051 1325 1197 1412 passione

242 1430 304 1492 isto
319 1427 417 1491 fuisse
431 1426 635 1489 constantior.
680 1426 725 1489 Et
741 1448 802 1510 ego
815 1447 875 1511 pro
890 1429 962 1490 Deo
973 1427 1052 1489 mori
1069 1439 1199 1511 paratus

243 1552 329 1606 sum,
343 1545 376 1594 et
399 1552 457 1614 pro
471 1528 643 1592 assertione
664 1527 802 1613 justitiae
827 1541 860 1592 et
875 1529 1014 1593 ecclesiae
1040 1529 1197 1594 libertate.

244 1629 309 1695 Sed
324 1629 349 1694 si
365 1642 462 1716 caput
483 1651 587 1692 meum
611 1628 767 1713 quaeritis,
782 1630 936 1714 prohibeo
956 1652 995 1693 ex
1017 1642 1107 1714 parte
1129 1652 1197 1693 orn-

243 1732 418 1817 nipotentis
447 1734 507 1795 Dei
532 1742 564 1795 et
587 1732 648 1795 sub
671 1730 882 1810 anathemate,
904 1753 944 1793 ne
969 1733 1118 1818 cuiquam
1143 1731 1197 1797 alii

244 1833 310 1895 sive
324 1832 490 1911 monacho,
505 1832 570 1896 sive
582 1832 695 1898 clerico
712 1831 760 1895 vel
776 1833 869 1909 laico,
882 1833 993 1918 majori
1009 1833 1058 1896 vel
1071 1834 1195 1909 minori,

244 1934 276 1997 in
299 1933 409 2019 aliquo
430 1934 581 2011 noceatis,
604 1933 659 1997 sed
682 1934 745 1998 sint
767 1937 923 1998 immunes
946 1958 965 1997 a
987 1957 1093 2020 poena,
1116 1936 1198 2000 sicut

243 2037 421 2100 extiterunt
435 2059 454 2099 a
469 2058 579 2101 causa:
604 2058 665 2099 non
681 2036 763 2099 enim
779 2035 853 2113 illis,
870 2036 923 2099 scd
943 2036 1022 2099 mihi
1037 2038 1199 2123 imputan-

244 2137 323 2201 dum
350 2152 409 2216 est,
440 2141 465 2201 si
487 2141 546 2223 qui
568 2160 678 2201 eorum
708 2160 832 2203 causam
864 2136 1034 2202 laborantis
1062 2137 1200 2203 ecclesiae

245 2251 460 2326 susceperunt.
506 2240 648 2303 Mortem
666 2239 799 2304 libenter
814 2244 999 2326 amplector,
1012 2238 1089 2305 dum
1105 2240 1199 2304 modo

241 2342 373 2407 ecclesia
387 2343 420 2406 in
432 2340 588 2404 effusione
604 2342 767 2425 sanguinis
782 2341 842 2405 mei
859 2364 968 2426 pacem
985 2356 1199 2428 consequatur

244 2453 276 2506 et
291 2441 481 2505 libertatem.
504 2439 586 2514 Quis
600 2442 662 2503 isto
678 2438 845 2502 videturin
858 2442 989 2504 caritate
1000 2439 1198 2504 ferventior?

245 2543 396 2630 quidum
412 2566 444 2607 se
459 2565 519 2628 pro
530 2541 600 2625 lege
616 2541 678 2606 Dei
691 2541 976 2626 persequutoribus
984 2541 1148 2619 offerebat,
1164 2545 1196 2606 in

244 2647 277 2711 id
294 2647 397 2711 solum
412 2658 480 2710 erat
496 2644 648 2710 sollicitus
662 2668 701 2708 ne
716 2644 855 2730 proximi
869 2644 901 2707 in
923 2644 1031 2729 aliquo
1046 2644 1197 2709 laederen-

242 2764 306 2817 tur.
341 2750 448 2816 Verba
463 2750 530 2836 ejns
545 2771 648 2812 nonne
665 2747 830 2814 Christum
848 2746 998 2813 videntur
1020 2747 1197 2836 exprimere

242 2853 275 2916 in
306 2853 449 2938 passione
478 2851 654 2915 dicentem:
689 2851 721 2914 si
751 2873 802 2914 me
832 2850 989 2937 quaeritis,
1020 2850 1112 2915 sinite
1139 2851 1197 2916 hos

243 2955 357 3020 abire?
380 2955 444 3019 His
458 2953 564 3026 dictis,
579 2953 692 3016 videns
706 2951 867 3016 carnifices
882 2951 1006 3016 eductis
1020 2952 1147 3037 gladiis,
1162 2953 1194 3018 in

243 3053 375 3118 modum
390 3053 511 3116 orantis
531 3051 693 3115 inclinavit
713 3064 821 3137 caput,
841 3051 908 3114 haec
933 3050 1105 3115 novissima
1123 3074 1197 3138 pro-

243 3157 346 3220 ferens
361 3155 469 3233 verba,
484 3155 555 3217 Deo
569 3169 602 3218 et
619 3156 743 3218 Sanctae
765 3154 881 3216 Mariae
902 3165 933 3216 et
950 3166 1078 3226 sanctus
1100 3154 1197 3241 hujus

243 3257 382 3322 ecclesiae
409 3260 553 3343 patronis
578 3269 610 3321 et
635 3258 729 3321 beato
756 3255 912 3341 Dionysio
937 3255 1124 3320 commendo
1147 3282 1198 3323 me

241 3361 349 3447 ipsum
364 3371 396 3424 et
411 3358 550 3422 ecclesiae
565 3381 703 3422 causam.
730 3359 857 3422 Caetera
872 3357 944 3443 quis
959 3357 1025 3421 sine
1040 3358 1196 3446 suspiriis,

243 3461 448 3547 singultibus,
470 3472 503 3525 et
532 3460 703 3546 lachrymis
722 3460 864 3524 referat?
895 3458 1021 3545 singula
1050 3462 1196 3548 persequi

243 3564 345 3647 pietas
360 3585 422 3626 non
438 3563 608 3648 permittit,
625 3584 699 3647 quae
714 3560 877 3627 camifices
892 3561 1120 3642 immanissimi,
1137 3564 1197 3627 Dei

244 3667 357 3732 timore
371 3678 564 3750 contempto,
579 3678 612 3730 et
634 3677 698 3729 tam
721 3663 796 3728 fidei
819 3686 916 3749 quam
940 3663 1039 3728 totius
1055 3663 1199 3729 humani-

244 3769 320 3834 tatis
337 3769 547 3845 immemoreS,
576 3767 811 3832 commiserunt.
858 3767 930 3830 Non
960 3765 1044 3828 enim
1075 3767 1197 3834 suffecit

241 3871 288 3934 eis
303 3870 457 3954 sanguine
480 3868 650 3933 sacerdotis
666 3882 698 3932 et
713 3891 788 3931 nece
803 3867 1004 3953 prophanare
1024 3868 1197 3950 ecclesiam,

242 3986 275 4037 et
290 3971 374 4036 diem
397 3969 641 4035 sacratissimum
664 3971 826 4043 incestare,
849 3970 910 4032 nisi
933 3991 1049 4033 corona
1071 3971 1196 4058 capitis,

240 4097 338 4160 quam
351 4074 430 4138 sacri
440 4073 617 4138 chrismatis
628 4072 737 4137 unctio
751 4075 821 4136 Deo
833 4072 1006 4148 dicaverat,
1020 4085 1196 4158 amputata,

242 4176 447 4263 quodetiam
470 4177 560 4240 dictu
584 4175 735 4239 horribile
756 4188 816 4251 est,
839 4174 974 4239 funestis
995 4174 1111 4259 gladiis
1128 4177 1196 4260 jam

242 4278 387 4344 defuncti
402 4281 550 4366 ejicerent
572 4278 747 4356 cerebrum,
763 4291 793 4341 et
816 4300 872 4361 per
891 4278 1106 4363 pavimentum
1123 4301 1196 4342 cum

242 4404 355 4446 cruore
366 4394 398 4448 et
409 4383 533 4448 ossibus
544 4380 758 4445 crudelissime
769 4392 975 4465 spargerent:
999 4378 1197 4445 immaniores
