3384 5525
257 783 366 867 rtet]
648 803 828 851 srrsrouru.
1171 787 1212 846 35

254 979 357 1022 manu
380 956 557 1022 sacerdotis
577 959 830 1022 obmutescentis
852 957 899 1021 sic
923 957 1099 1042 exquiritur
1120 966 1156 1017 ut
1180 964 1213 1017 et

256 1060 328 1144 ipse
342 1080 401 1143 pro
416 1059 546 1123 silentio
570 1058 745 1123 moriatur?
783 1060 916 1142 Moyses
938 1080 1052 1123 manus
1069 1080 1134 1121 non
1155 1057 1211 1120 de-

255 1162 394 1237 misisse,
417 1159 477 1224 sed
502 1161 646 1225 erexisse
671 1160 874 1235 describitur,
897 1173 933 1224 ut
956 1160 1109 1224 Amalech
1134 1168 1211 1222 ster·

254 1274 393 1326 neretur.
430 1260 518 1325 Arca
533 1261 598 1325 Dei
612 1283 678 1324 non
693 1262 809 1342 legitur
823 1262 1066 1345 captivata‚nisi
1082 1260 1212 1346 quando

253 1379 405 1444 perversa
419 1361 669 1425 mansuetudine
683 1362 782 1445 patris
796 1363 949 1426 sacerdos
973 1362 1057 1426 filios
1077 1383 1211 1444 arguens

255 1464 303 1527 uti
321 1463 447 1542 maluit,
465 1483 564 1547 quum
584 1464 753 1527 severitate
774 1476 807 1528 et
827 1465 1014 1529 auctoritate
1035 1464 1208 1548 pontificis

253 1564 380 1641 Achab,
395 1574 429 1628 ct
442 1562 472 1626 si
485 1565 640 1647 reprobus
654 1562 758 1641 luerit,
773 1585 840 1645 prae
856 1564 1049 1647 quibusdam
1064 1564 1210 1628 sacerdo·

252 1666 340 1729 tibus
353 1674 474 1728 nostre
489 1664 592 1727 artatis
607 1662 725 1726 divina
739 1664 821 1746 legis
836 1665 950 1728 habuit
965 1667 1080 1727 zelum.
1126 1666 1211 1728 Nam

254 1768 312 1851 qui
325 1788 451 1845 surum,
466 1777 643 1847 argentum,
655 1766 774 1830 variam
789 1766 1035 1850 supellectilem,
1051 1766 1168 1829 liberos
1181 1777 1213 1829 et

254 1889 375 1933 uxores
388 1868 456 1951 regi
471 1868 572 1950 Syrie
591 1869 626 1930 in
645 1868 876 1932 commercium
897 1868 988 1950 pacis
1008 1878 1213 1952 exposuerat,

255 1969 424 2034 domorum
438 1969 593 2033 scrutinia
604 1990 668 2031 non
686 1968 858 2046 concessit,
869 1977 906 2031 ut
921 1968 1039 2032 divinae
1054 1969 1136 2050 legis
1147 1990 1212 2031 ser·

255 2083 343 2137 raret
363 2072 473 2145 libros,
489 2092 570 2153 quos
590 2091 647 2133 rex
666 2071 816 2135 inimicus
837 2093 902 2155 prae
922 2072 1045 2135 caeteris
1062 2072 1212 2135 omnibus

254 2175 407 2259 cupiebat
422 2172 554 2236 auferre.
600 2171 698 2237 Unde
714 2185 747 2236 et
760 2173 843 2253 legis
858 2174 947 2236 zelus
962 2196 981 2237 a
996 2175 1069 2238 Deo
1083 2183 1212 2237 auctore

253 2275 318 2357 ipsi
328 2274 443 2338 Achab
453 2274 862 2339 consolationemretulitet
871 2276 1076 2358 triumphurn.
1099 2275 1211 2339 Petrus

255 2375 377 2440 solidas
390 2375 513 2439 invenit
527 2397 629 2460 aquas
643 2378 812 2439 ambulans
833 2377 867 2438 in
887 2376 965 2440 fidei
985 2376 1211 2441 fundamento:

254 2479 483 2561 mergitamur
501 2477 613 2561 coepit,
629 2499 673 2540 ex
695 2498 760 2562 quo
781 2477 977 2543 imminentis
998 2500 1083 2543 aurae
1105 2478 1212 2543 timuit

254 2580 376 2643 flatum.

296 2681 363 2745 Sed
379 2681 458 2767 quid
473 2678 515 2744 ud
535 2681 668 2744 Petrum
688 2684 838 2767 exempla
852 2681 1052 2747 decurritur?
1092 2684 1211 2746 Nonne

254 2782 1211 2868 dommuspapm(cujusritamadpauperumconsolatiorrem

255 2886 411 2968 optimam
424 2896 458 2948 et
472 2884 656 2949 diuturnam
678 2886 775 2950 faciat
794 2885 965 2964 Dominus)
982 2888 1055 2947 zelo
1065 2884 1211 2968 justitiae,

254 3007 351 3072 quem
381 3008 507 3070 semper
540 2987 664 3063 babuit,
695 2987 848 3051 meruisse
878 2985 1060 3050 credendus
1089 2997 1148 3055 est,
1178 2999 1213 3049 ut

203 3162 207 3170 Ι
255 3089 359 3153 hostis
379 3087 458 3152 fidei
481 3087 668 3152 Frederieus
689 3088 848 3152 contritus
870 3088 909 3150 sit
931 3109 950 3151 a
971 3087 1053 3152 facie
1077 3086 1156 3169 ejus,
1180 3100 1213 3151 et

255 3192 303 3254 ira
315 3191 384 3254 Dei
398 3201 501 3254 castra
515 3188 586 3274 ejus
600 3189 829 3266 exterminarit,
842 3189 898 3273 qui
907 3188 976 3273 jam
992 3189 1156 3253 ridebatur
1171 3189 1211 3252 de

255 3294 335 3357 urbe
350 3301 384 3356 et
402 3293 481 3355 orbe
498 3299 534 3354 et
548 3291 719 3354 universali
735 3291 888 3354 Ecclesia
902 3290 1125 3374 triumphasse.
1171 3293 1209 3354 ln

255 3413 321 3477 quo
336 3401 446 3457 tamen
461 3393 564 3474 magis
585 3391 633 3469 (ut
651 3391 871 3455 indubitanter
885 3392 994 3475 credo)
1010 3392 1110 3477 adjuti
1133 3393 1210 3456 estis

256 3493 407 3576 precibus
435 3513 613 3578 pauperum
643 3493 775 3572 Christi,
803 3516 900 3578 quum
929 3505 1107 3559 vestrorum
1133 3514 1210 3558 con·

253 3595 335 3658 siliis
370 3607 427 3659 aut
459 3596 578 3659 viribus
606 3597 836 3659 Romanorum.
887 3597 1053 3660 Audenter
1081 3617 1210 3680 quoque

256 3696 406 3774 dixerim,
420 3696 507 3780 quod
523 3718 580 3760 vos
600 3719 660 3761 suo
679 3698 835 3760 miraculo
850 3699 929 3762 citra
943 3698 1116 3762 humanum
1133 3720 1210 3761 con·

255 3798 365 3862 silium
379 3797 421 3862 de
441 3799 588 3863 faucibus
609 3799 713 3863 leonis
731 3799 866 3882 eripuit3
891 3811 926 3864 ut
940 3800 981 3863 de
998 3811 1113 3864 cretero
1128 3823 1211 3864 sem·

255 3910 461 3981 petentum
483 3901 630 3964 babeatis
651 3901 685 3964 in
708 3903 781 3965 Deo
804 3901 971 3966 fundatore
993 3904 1152 3967 Ecclesia
1179 3916 1212 3967 et

255 4001 391 4065 custode
413 4011 446 4064 et
467 4001 583 4065 eodem
613 4012 716 4066 restro
743 4003 910 4067 liberatore
937 4003 1101 4083 fiduciam,
1123 4003 1211 4088 quod

255 4123 314 4165 nec
334 4101 571 4166 adversantium
596 4104 691 4166 minis
708 4125 769 4168 nec
788 4105 1023 4168 blandientium
1045 4105 1210 4169 fraudibus

255 4203 413 4267 recedatis
441 4225 462 4266 a
490 4205 542 4267 via
571 4215 668 4284 recta,
699 4216 755 4269 aut
791 4215 904 4269 contra
936 4208 1039 4286 legem
1072 4206 1210 4271 credatis

256 4300 296 4366 de
322 4306 395 4385 lege
418 4305 680 4388 dispensandum.
735 4309 819 4371 Nam
843 4309 899 4391 qui
921 4307 1125 4370 Fredericnm
1156 4307 1209 4368 de·

250 4403 331 4486 jecit
370 4427 477 4470 coram
507 4406 611 4486 robis,
638 4407 782 4489 prolecto
811 4418 844 4471 et
877 4408 956 4470 alios
995 4420 1144 4489 tyrannos
1181 4406 1209 4466 si

707 4515 764 4571 u2
