3384 5525
375 764 488 842 noa]
765 779 946 825 aersronn.
1271 763 1330 820 loa

371 931 650 995 insensibilitatem
677 932 766 1011 dicit,
789 932 888 997 Stoici
921 930 1107 1014 pradicant,
1136 930 1192 992 sed
1220 951 1329 992 corum

370 1034 480 1114 opinio
492 1035 626 1117 explosa
641 1043 689 1096 est
701 1033 889 1097 fidelissima
899 1033 1022 1096 ratione
1034 1042 1066 1095 et
1078 1033 1193 1094 virtute
1208 1032 1325 1094 rectius

371 1132 664 1217 philosophantium
687 1147 730 1212 et,
753 1136 840 1219 quod
858 1134 1114 1218 potentissimum
1135 1147 1195 1209 est,
1219 1133 1326 1196 Sacrae

371 1233 540 1319 Scripturae
564 1238 735 1321 praeceptis
755 1250 788 1299 et
807 1236 977 1318 exemplis.
1022 1234 1145 1299 Videns
1166 1234 1327 1297 Dominus

370 1335 542 1416 civitatem,
553 1340 607 1402 cui
616 1340 697 1418 legis
709 1352 775 1400 erat
787 1337 933 1402 custodia
941 1350 974 1399 et
985 1336 1183 1419 dispensatio
1195 1335 1328 1411 credita,

370 1438 553 1501 Scribarum
576 1452 608 1502 et
630 1440 863 1503 Pharisaeorum
890 1460 961 1522 quae
985 1459 1043 1500 sua
1065 1449 1139 1499 sunt
1162 1459 1227 1499 non
1251 1458 1323 1520 quae

371 1536 504 1600 Domini
525 1539 734 1621 quaerentium
751 1538 975 1601 traditionibus
991 1539 1054 1617 agi,
1068 1548 1101 1600 et
1115 1539 1280 1619 imponere
1294 1539 1325 1599 in

370 1639 522 1700 humeros
536 1640 700 1701 homiuum
713 1660 810 1702 onera
821 1640 966 1721 graviora
981 1650 1015 1701 et
1028 1638 1244 1721 importabilia
1255 1659 1326 1720 quae

370 1762 431 1802 nec
448 1740 548 1821 digito
563 1741 802 1821 contingebant,
820 1750 853 1804 et
874 1741 984 1803 sedere
1000 1742 1032 1802 in
1049 1740 1203 1803 cathedra
1222 1740 1330 1822 Moysi

369 1842 540 1923 loquentes
556 1840 733 1904 secundum
749 1842 865 1921 legem,
882 1851 915 1904 et
930 1840 1071 1905 viventes
1087 1852 1198 1903 contra
1212 1841 1328 1921 legem,

371 1943 458 2005 flevit
486 1963 582 2025 super
611 1943 699 2005 illam
729 1964 768 2004 eo
799 1943 888 2026 quod
917 1944 1020 2025 ipsam
1049 1943 1179 2005 videbat
1207 1942 1328 2004 meritis

370 2043 580 2124 exigentibus.
590 2043 625 2104 in
641 2042 728 2104 bre'vi
741 2043 902 2105 ruituram.
933 2044 1130 2125 Exemplum
1147 2064 1221 2123 ergo
1238 2040 1328 2103 dedit

370 2144 521 2207 fidelibus
536 2144 680 2207 similiter
694 2143 848 2219 faciendi,
863 2145 940 2227 quia
958 2145 1121 2225 flagellum
1136 2143 1239 2207 simile
1256 2164 1327 2225 pro·

369 2256 485 2309 vocant
500 2246 620 2309 Scribae
641 2256 673 2307 et
693 2245 849 2308 Pharisaei
867 2247 1017 2329 temporis
1039 2246 1150 2307 nostri.
1195 2246 1240 2307 Et
1254 2243 1323 2307 haec

369 2348 592 2431 quidemjusta
603 2358 708 2429 potest
720 2368 789 2409 esse
800 2358 832 2410 et
844 2362 893 2411 est
904 2369 1002 2411 causa
1013 2347 1141 2410 doloris.
1166 2347 1326 2410 Caeterum

369 2470 443 2512 cum
460 2450 510 2511 his
524 2451 606 2511 bene
627 2449 731 2529 agitur
751 2470 845 2531 super
868 2469 1002 2532 quorum
1024 2449 1189 2530 naufragio
1207 2449 1327 2511 sollici¹

366 2551 493 2625 tamini,
505 2552 582 2634 quia
595 2551 698 2633 perire
713 2571 778 2613 nou
795 2559 932 2633 possunt
947 2551 1002 2634 qui
1017 2549 1058 2612 de
1074 2550 1206 2613 brachio
1221 2550 1327 2613 homi·

368 2653 420 2714 nis
443 2652 549 2735 rejecti
576 2652 706 2714 suntin
735 2653 841 2714 sinum
867 2652 1045 2714 clementiae
1076 2652 1148 2715 Dei.
1202 2654 1324 2716 Eorum

367 2776 446 2834 ergo
456 2754 615 2827 liberatio,
627 2753 712 2836 quod
722 2752 804 2816 fides
815 2752 996 2817 indubitata
1006 2775 1134 2836 sperare.
1142 2753 1324 2836 persuadet,

365 2857 400 2919 in
427 2856 578 2938 proximo
601 2868 659 2931 est,
682 2855 758 2936 quia
782 2853 870 2916 illius
892 2854 1049 2936 adjutorio
1073 2853 1217 2916 derelicti
1240 2864 1325 2929 sunt,

366 2958 422 3040 qui
439 2977 614 3040 pauperem
636 2956 750 3018 liberat
766 2973 785 3014 a
800 2965 930 3036 potente
947 2964 978 3017 et
993 2974 1165 3037 pauperem
1188 2955 1240 3018 cui
1255 2977 1319 3018 non

367 3067 417 3121 est
431 3057 567 3140 adjutor.
613 3056 733 3138 Utique
757 3055 958 3119 dilectissimi
980 3055 1043 3118 mei
1064 3055 1110 3117 sic
1131 3055 1265 3137 expedit
1280 3079 1323 3120 ex

366 3159 464 3222 variis
479 3158 596 3232 causis,
611 3168 678 3219 tum
694 3156 825 3238 quidem
841 3167 876 3218 ut
895 3155 957 3218 soli
972 3157 1045 3218 Deo
1060 3157 1195 3219 obnoxii
1210 3158 1275 3220 sint
1291 3170 1324 3222 et

367 3259 514 3322 devotius
540 3259 731 3321 famulentur
757 3258 875 3321 Christi
900 3278 1057 3340 pauperes
1082 3279 1179 3341 quum
1206 3259 1324 3324 suerint

365 3357 521 3442 expediti,
529 3371 598 3422 tum
615 3379 655 3421 ne
670 3358 754 3421 avari
767 3368 800 3421 et
812 3357 945 3421 fastuosi
962 3378 1043 3441 quos
1054 3358 1155 3420 nostis
1166 3358 1324 3435 homines,

364 3461 400 3521 in
424 3480 514 3522 suam
536 3470 569 3522 et
591 3460 724 3523 aliorum
746 3460 921 3542 perniciem
944 3459 1091 3543 rapiandi
1112 3472 1145 3522 et
1168 3462 1322 3542 gloriandi

365 3562 529 3623 materiam
544 3561 739 3638 habeantet
753 3562 1003 3625 intumescentes
1019 3574 1129 3629 contra
1146 3562 1321 3626 Dominum

366 3673 400 3726 et
424 3663 602 3726 ecelesiam·
616 3663 680 3725 Dei
701 3663 861 3726 beneficio
884 3662 1070 3746 expeditam
1093 3667 1321 3729 conculcantes

368 3763 488 3839 dicant,
504 3765 624 3825 Manus
645 3771 755 3824 nostra
774 3762 904 3826 excelsa
926 3773 957 3826 et
978 3784 1044 3826 non
1068 3764 1226 3827 Dominus
1249 3766 1323 3828 lecit

364 3865 568 3927 haecomnia
615 3865 699 3926 Nam
715 3862 770 3946 qui
793 3862 918 3927 dubitat
938 3864 1106 3927 ecclesiam
1121 3865 1320 3929 liberandam

364 3976 398 4028 et
426 3966 655 4049 promissiones
686 3963 806 4027 Christi
843 3964 1066 4047 adimplendas
1095 3987 1163 4028 esse
1194 3967 1322 4046 diffidit,

364 4065 518 4147 indiguus
533 4079 581 4129 est
595 4067 718 4129 censeri
730 4066 860 4128 nomine
874 4066 1065 4130 Christiano
1105 4067 1198 4130 Nihil
1213 4070 1320 4153 itaque

362 4169 470 4231 minus
497 4168 632 4231 timeatis
660 4190 756 4251 quam
783 4178 819 4230 nt
843 4169 929 4232 lilius
959 4171 1000 4233 ad
1031 4169 1194 4248 flagellum
1222 4173 1320 4254 patris

363 4269 565 4352 erumpatin
589 4269 853 4350 indignationem,
875 4271 916 4334 ad
944 4268 1188 4352 castigationem
1212 4295 1320 4336 servus

363 4373 579 4441 obmurmuret
595 4371 751 4435 erudienti
768 4373 931 4452 magistro,
941 4371 1121 4453 discipulus
1137 4371 1321 4453 indignetur
