3384 5525
373 775 433 833 100
630 782 767 827 ruamus
783 773 1062 825 sinasnnnrnssrs
1234 757 1279 835 [A.
1297 775 1325 817 n.

383 1023 604 1086 EPlSTOLA
629 1022 933 1086 CCXXXIV.-an
949 1030 1182 1079 nannnwrnnn
1198 1029 1317 1075 anom-

441 1142 615 1188 ornconnn
631 1142 775 1186 nonwrc.
791 1139 886 1192 ouen
903 1136 1092 1183 oonwnrnu
1106 1133 1258 1179 vocavrn.

743 1224 828 1304 [mn.
848 1223 955 1303 llos]

373 1360 482 1424 Amico
503 1363 666 1424 carissimo
694 1359 848 1424 Godwino
864 1358 942 1442 filio
963 1354 1121 1418 Eadwini
1142 1352 1324 1426 sacerdotis,

358 1498 367 1506 ·
416 1466 507 1527 miles
520 1484 598 1527 suus
615 1463 775 1527 Godricas
785 1461 921 1523 salutem
936 1465 968 1523 et
971 1457 1107 1540 fidelem
1118 1472 1322 1538 perseveran-

415 1567 496 1627 tiam
511 1563 556 1627 od
568 1583 728 1625 coronam.

418 1690 544 1754 Hortos
565 1691 687 1773 cinguli
709 1688 866 1763 militaris,
883 1708 948 1771 quo
971 1707 1021 1750 mo
1044 1684 1085 1748 ad
1107 1683 1322 1767 apostolorum

370 1789 482 1856 limina
495 1802 717 1875 properantem
733 1803 766 1853 tu
781 1788 856 1852 inde
872 1788 1000 1851 rediens
1015 1784 1175 1850 decorasti
1190 1785 1224 1847 in
1246 1785 1321 1846 urbe

372 1893 540 1967 Senomm,
556 1912 652 1972 quam
675 1890 825 1953 Brennus
847 1889 914 1952 dux
931 1890 1094 1952 Senonum
1111 1886 1153 1949 ad
1167 1884 1321 1949 locandos

370 1993 417 2054 ibi
428 1990 676 2054 valetudinarios
687 2011 762 2054 suos
773 1992 889 2072 legitur
904 1989 1131 2065 construxisse,
1142 2008 1194 2050 me
1206 1988 1321 2070 saepius

372 2113 467 2174 quam
492 2093 609 2153 collato
634 2104 703 2153 utar
728 2090 847 2171 gladio,
868 2091 915 2153 tui
938 2091 972 2153 in
998 2089 1129 2154 caritate
1152 2097 1184 2151 et
1207 2086 1320 2169 gaudio

372 2214 545 2262 memorem
562 2212 633 2255 esse
648 2193 822 2276 compellit,
837 2203 870 2256 et

478 2302 588 2353 Utinam
600 2300 648 2352 boc
661 2306 750 2370 pereat
761 2300 882 2367 rubigine
894 2299 985 2363 telum,

371 2402 428 2465 scd
444 2412 486 2479 et,

475 2508 527 2571 Qui
538 2525 585 2559 nos
594 2508 735 2570 commorit,
748 2504 840 2558 melius
851 2522 903 2557 non
915 2512 1022 2572 tangere
1032 2501 1124 2568 clamo,

475 2593 572 2657 Flebit,
585 2600 611 2645 et
623 2594 734 2661 insignis
746 2598 801 2644 toto
813 2591 959 2644 cantabitur
970 2590 1041 2656 orbe,

370 2688 426 2751 illo
445 2699 557 2771 agente
583 2688 635 2772 qui
655 2688 723 2773 jam
746 2689 893 2751 extendit
916 2710 1042 2751 manum
1067 2708 1156 2751 suam
1177 2686 1213 2749 in
1235 2686 1321 2750 retri-

369 2792 513 2864 buendo,
544 2805 576 2854 et
605 2791 858 2854 Christianorum
890 2792 1016 2855 hostem
1047 2789 1251 2854 Fredericum
1280 2789 1319 2852 sd

370 2896 500 2976 gloriam
515 2894 1211 2974 suamsecitmisericorditerEre-Augustum.
1236 2893 1319 2957 Gon·

369 3009 416 3061 tra
431 3020 503 3061 eum
520 3010 551 3061 et
576 2998 768 3061 collatrones
791 3017 867 3059 suos
884 2995 953 3081 jam
977 2995 1088 3081 quinto
1111 3015 1197 3059 anno
1218 2993 1319 3060 milito

369 3100 564 3181 peregrinus
581 3100 711 3180 ignarus
730 3119 770 3160 an
786 3097 818 3157 in
842 3097 945 3178 patria
963 3108 1070 3159 nostra
1092 3097 1171 3159 mihi
1193 3097 1320 3161 relictus

368 3199 410 3260 sit
425 3200 538 3281 aliquis
554 3201 736 3273 amicorum,
752 3220 792 3261 an
812 3218 923 3260 omnes
945 3198 1010 3260 sint
1032 3198 1066 3260 in
1089 3198 1155 3261 fala
1176 3199 1318 3281 collapsi.

367 3299 481 3361 Timeo
509 3301 593 3361 onim
620 3323 661 3362 ne
685 3322 841 3384 nusquam
869 3300 943 3378 sint,
966 3301 1022 3383 qui
1048 3319 1209 3384 nusquam
1234 3300 1319 3362 inve·

367 3400 508 3472 niumm,
525 3402 653 3482 quibus,
670 3424 766 3484 quum
784 3403 963 3485 pulsantur,
980 3424 1045 3464 non
1063 3414 1114 3465 est
1128 3423 1194 3464 vox
1216 3421 1318 3484 neque

368 3523 489 3564 sensus.
534 3501 569 3563 Si
592 3516 771 3589 superesset
792 3506 841 3567 vel
864 3525 959 3583 unus,
974 3505 1141 3589 probabile
1164 3492 1318 3588 estquod

369 3603 480 3664 saltem
497 3604 537 3665 ab
554 3604 817 3667 intermeantibus
833 3618 1002 3689 quaereret,

648 3702 756 3756 Vivitne
770 3704 898 3757 Godricus
909 3710 937 3756 et
949 3722 1013 3757 aura

474 3786 564 3838 Utitur
577 3786 702 3850 aetberea,
715 3805 747 3838 an
760 3787 908 3841 crudelibus
919 3790 1027 3842 occubat
1039 3790 1157 3842 umbris?

367 3873 466 3937 Unde
489 3873 694 3939 dilectionem
720 3888 814 3948 tuam,
833 3877 926 3962 cujus
943 3877 1022 3940 fides
1038 3880 1123 3943 velut
1146 3880 1179 3941 in
1203 3878 1317 3942 confla·

365 3971 445 4039 torio
468 3976 599 4058 probata
621 3998 716 4058 super
738 3998 848 4040 aurum
872 3979 992 4056 rutilat,
1007 3991 1039 4042 et
1060 3979 1150 4042 omni
1171 3978 1316 4062 Topazio

363 4076 537 4161 preciosior
563 4089 621 4153 est,
647 4077 768 4140 credidi
799 4080 952 4143 attentius
978 4081 1187 4159 exorandam,
1213 4091 1248 4144 ut
1276 4079 1316 4142 de

364 4188 446 4240 statu
462 4197 583 4252 eorum,
598 4176 626 4238 si
642 4175 695 4260 qui
717 4190 822 4241 tamen
845 4192 930 4257 sunt,
946 4180 1132 4273 diligentius
1155 4181 1313 4266 inquiras:

364 4290 396 4342 et
412 4280 439 4341 si
455 4279 509 4362 qui
526 4299 633 4340 eorum
658 4277 762 4342 adhuc
781 4280 901 4355 vivunt,
918 4283 995 4362 aegri
1018 4295 1134 4360 tamen,
1151 4283 1198 4346 eis
1220 4280 1314 4345 medi·

365 4383 469 4444 cinam
486 4403 620 4464 procura
638 4402 731 4463 quam
748 4384 868 4446 morbis
885 4406 992 4447 corum
1014 4385 1140 4448 noveris
1156 4384 1314 4468 expedire.
