<?xml version="1.0" encoding="UTF-8"?>
<!DOCTYPE html PUBLIC "-//W3C//DTD XHTML 1.0 Transitional//EN"
    "http://www.w3.org/TR/xhtml1/DTD/xhtml1-transitional.dtd">
<html xmlns="http://www.w3.org/1999/xhtml" xml:lang="en" lang="en">
 <head>
  <title>
</title>
<meta http-equiv="Content-Type" content="text/html;charset=utf-8" />
  <meta name='ocr-system' content='tesseract 3.04.00' />
  <meta name='ocr-capabilities' content='ocr_page ocr_carea ocr_par ocr_line ocrx_word'/>
</head>
<body>
  <div class='ocr_page' id='page_1' title='image "./joannissaresber05johngoog_0100.png"; bbox 0 0 3384 5525; ppageno 0'>
   <div class='ocr_carea' id='block_1_1' title="bbox 388 751 1343 830">
    <p class='ocr_par' dir='ltr' id='par_1_1' title="bbox 388 751 1343 830">
     <span class='ocr_line' id='line_1_1' title="bbox 388 751 1343 830; baseline -0.006 -11"><span class='ocrx_word' id='word_1_1' title='bbox 388 760 429 819; x_wconf 74' lang='lat'>82</span> <span class='ocrx_word' id='word_1_2' title='bbox 647 771 783 817; x_wconf 80' lang='lat' dir='ltr'>Joaurus</span> <span class='ocrx_word' id='word_1_3' title='bbox 800 767 1080 813; x_wconf 78' lang='lat' dir='ltr'>sannsnnmsusrs</span> <span class='ocrx_word' id='word_1_4' title='bbox 1249 751 1293 830; x_wconf 78' lang='lat' dir='ltr'>[A.</span> <span class='ocrx_word' id='word_1_5' title='bbox 1312 771 1343 813; x_wconf 89' lang='lat' dir='ltr'>n.</span> 
     </span>
    </p>
   </div>
   <div class='ocr_carea' id='block_1_2' title="bbox 267 906 1341 4463">
    <p class='ocr_par' dir='ltr' id='par_1_2' title="bbox 383 906 1341 2003">
     <span class='ocr_line' id='line_1_2' title="bbox 389 906 1341 1003; baseline -0.003 -16"><span class='ocrx_word' id='word_1_6' title='bbox 389 924 551 988; x_wconf 90' lang='lat' dir='ltr'>institutor</span> <span class='ocrx_word' id='word_1_7' title='bbox 581 926 676 988; x_wconf 92' lang='lat' dir='ltr'>nobis</span> <span class='ocrx_word' id='word_1_8' title='bbox 705 926 739 987; x_wconf 92' lang='lat' dir='ltr'>in</span> <span class='ocrx_word' id='word_1_9' title='bbox 771 923 832 986; x_wconf 89' lang='lat' dir='ltr'>hac</span> <span class='ocrx_word' id='word_1_10' title='bbox 869 922 1039 986; x_wconf 87' lang='lat' dir='ltr'>affectione</span> <span class='ocrx_word' id='word_1_11' title='bbox 1073 906 1341 1003; x_wconf 86' lang='lat' dir='ltr'>perseverantiam</span> 
     </span>
     <span class='ocr_line' id='line_1_3' title="bbox 387 1021 1340 1109; baseline 0.001 -23"><span class='ocrx_word' id='word_1_12' title='bbox 387 1025 547 1106; x_wconf 86' lang='lat' dir='ltr'>largiatur,</span> <span class='ocrx_word' id='word_1_13' title='bbox 569 1025 623 1109; x_wconf 92' lang='lat' dir='ltr'>qui</span> <span class='ocrx_word' id='word_1_14' title='bbox 644 1026 747 1108; x_wconf 91' lang='lat' dir='ltr'>ipsius</span> <span class='ocrx_word' id='word_1_15' title='bbox 773 1023 952 1088; x_wconf 85' lang='lat' dir='ltr'>affectionis</span> <span class='ocrx_word' id='word_1_16' title='bbox 978 1021 1115 1085; x_wconf 90' lang='lat' dir='ltr'>eontulit</span> <span class='ocrx_word' id='word_1_17' title='bbox 1137 1022 1340 1087; x_wconf 89' lang='lat' dir='ltr'>voluntatem.</span> 
     </span>
     <span class='ocr_line' id='line_1_4' title="bbox 387 1123 1340 1209; baseline -0.001 -20"><span class='ocrx_word' id='word_1_18' title='bbox 387 1128 433 1189; x_wconf 89' lang='lat' dir='ltr'>Et</span> <span class='ocrx_word' id='word_1_19' title='bbox 448 1126 577 1209; x_wconf 89' lang='lat' dir='ltr'>quidem</span> <span class='ocrx_word' id='word_1_20' title='bbox 594 1148 667 1209; x_wconf 91' lang='lat' dir='ltr'>spes</span> <span class='ocrx_word' id='word_1_21' title='bbox 681 1136 730 1189; x_wconf 89' lang='lat' dir='ltr'>est</span> <span class='ocrx_word' id='word_1_22' title='bbox 748 1124 958 1188; x_wconf 83' lang='lat' dir='ltr'>reformaudae</span> <span class='ocrx_word' id='word_1_23' title='bbox 973 1124 1063 1207; x_wconf 85' lang='lat' dir='ltr'>pacis</span> <span class='ocrx_word' id='word_1_24' title='bbox 1078 1123 1111 1184; x_wconf 92' lang='lat' dir='ltr'>in</span> <span class='ocrx_word' id='word_1_25' title='bbox 1133 1123 1233 1201; x_wconf 85' lang='lat' dir='ltr'>brevi,</span> <span class='ocrx_word' id='word_1_26' title='bbox 1248 1124 1340 1188; x_wconf 88' lang='lat' dir='ltr'>inter·</span> 
     </span>
     <span class='ocr_line' id='line_1_5' title="bbox 386 1225 1339 1311; baseline 0.001 -21"><span class='ocrx_word' id='word_1_27' title='bbox 386 1229 533 1291; x_wconf 86' lang='lat' dir='ltr'>veniente</span> <span class='ocrx_word' id='word_1_28' title='bbox 550 1250 648 1311; x_wconf 90' lang='lat' dir='ltr'>opera</span> <span class='ocrx_word' id='word_1_29' title='bbox 662 1238 694 1291; x_wconf 92' lang='lat' dir='ltr'>et</span> <span class='ocrx_word' id='word_1_30' title='bbox 717 1228 884 1309; x_wconf 79' lang='lat' dir='ltr'>diligentia</span> <span class='ocrx_word' id='word_1_31' title='bbox 899 1225 1119 1302; x_wconf 83' lang='lat' dir='ltr'>cardinalium,</span> <span class='ocrx_word' id='word_1_32' title='bbox 1136 1226 1194 1308; x_wconf 90' lang='lat' dir='ltr'>qui</span> <span class='ocrx_word' id='word_1_33' title='bbox 1216 1227 1259 1289; x_wconf 92' lang='lat' dir='ltr'>ad</span> <span class='ocrx_word' id='word_1_34' title='bbox 1281 1228 1339 1291; x_wconf 85' lang='lat' dir='ltr'>hoc</span> 
     </span>
     <span class='ocr_line' id='line_1_6' title="bbox 386 1328 1336 1412; baseline -0.001 -20"><span class='ocrx_word' id='word_1_35' title='bbox 386 1330 475 1393; x_wconf 91' lang='lat' dir='ltr'>missi</span> <span class='ocrx_word' id='word_1_36' title='bbox 492 1340 583 1392; x_wconf 87' lang='lat' dir='ltr'>sunt:</span> <span class='ocrx_word' id='word_1_37' title='bbox 608 1330 668 1392; x_wconf 90' lang='lat' dir='ltr'>nisi</span> <span class='ocrx_word' id='word_1_38' title='bbox 686 1330 764 1392; x_wconf 83' lang='lat' dir='ltr'>forte</span> <span class='ocrx_word' id='word_1_39' title='bbox 779 1329 841 1391; x_wconf 90' lang='lat' dir='ltr'>hoe</span> <span class='ocrx_word' id='word_1_40' title='bbox 858 1350 972 1411; x_wconf 84' lang='lat' dir='ltr'>pacem</span> <span class='ocrx_word' id='word_1_41' title='bbox 988 1328 1120 1403; x_wconf 82' lang='lat' dir='ltr'>differat,</span> <span class='ocrx_word' id='word_1_42' title='bbox 1134 1328 1222 1412; x_wconf 91' lang='lat' dir='ltr'>quod</span> <span class='ocrx_word' id='word_1_43' title='bbox 1239 1329 1336 1393; x_wconf 90' lang='lat' dir='ltr'>domi·</span> 
     </span>
     <span class='ocr_line' id='line_1_7' title="bbox 385 1428 1338 1512; baseline 0.001 -19"><span class='ocrx_word' id='word_1_44' title='bbox 385 1452 446 1494; x_wconf 85' lang='lat' dir='ltr'>nus</span> <span class='ocrx_word' id='word_1_45' title='bbox 462 1431 700 1495; x_wconf 79' lang='lat' dir='ltr'>cantuariensis</span> <span class='ocrx_word' id='word_1_46' title='bbox 712 1431 809 1492; x_wconf 88' lang='lat' dir='ltr'>nullis</span> <span class='ocrx_word' id='word_1_47' title='bbox 820 1428 1059 1492; x_wconf 91' lang='lat' dir='ltr'>conditionibus</span> <span class='ocrx_word' id='word_1_48' title='bbox 1070 1429 1267 1512; x_wconf 86' lang='lat' dir='ltr'>acquiescet,</span> <span class='ocrx_word' id='word_1_49' title='bbox 1278 1432 1338 1494; x_wconf 91' lang='lat' dir='ltr'>nisi</span> 
     </span>
     <span class='ocr_line' id='line_1_8' title="bbox 385 1531 1336 1613; baseline 0 -18"><span class='ocrx_word' id='word_1_50' title='bbox 385 1533 525 1596; x_wconf 88' lang='lat' dir='ltr'>eeclesia</span> <span class='ocrx_word' id='word_1_51' title='bbox 553 1533 726 1613; x_wconf 73' lang='lat' dir='ltr'>auglorum</span> <span class='ocrx_word' id='word_1_52' title='bbox 749 1531 859 1595; x_wconf 87' lang='lat' dir='ltr'>debita</span> <span class='ocrx_word' id='word_1_53' title='bbox 881 1531 1019 1613; x_wconf 90' lang='lat' dir='ltr'>gaudeat</span> <span class='ocrx_word' id='word_1_54' title='bbox 1041 1531 1198 1595; x_wconf 88' lang='lat' dir='ltr'>libertate.</span> <span class='ocrx_word' id='word_1_55' title='bbox 1244 1533 1336 1605; x_wconf 89' lang='lat' dir='ltr'>Quod</span> 
     </span>
     <span class='ocr_line' id='line_1_9' title="bbox 385 1632 1337 1718; baseline 0.001 -20"><span class='ocrx_word' id='word_1_56' title='bbox 385 1646 491 1698; x_wconf 87' lang='lat' dir='ltr'>autem</span> <span class='ocrx_word' id='word_1_57' title='bbox 507 1633 582 1697; x_wconf 93' lang='lat' dir='ltr'>dico</span> <span class='ocrx_word' id='word_1_58' title='bbox 601 1633 788 1698; x_wconf 86' lang='lat' dir='ltr'>debitanon</span> <span class='ocrx_word' id='word_1_59' title='bbox 812 1632 853 1696; x_wconf 90' lang='lat' dir='ltr'>ad</span> <span class='ocrx_word' id='word_1_60' title='bbox 876 1632 1012 1717; x_wconf 87' lang='lat' dir='ltr'>alicujus</span> <span class='ocrx_word' id='word_1_61' title='bbox 1037 1633 1173 1696; x_wconf 89' lang='lat' dir='ltr'>Henrici</span> <span class='ocrx_word' id='word_1_62' title='bbox 1196 1644 1337 1718; x_wconf 87' lang='lat' dir='ltr'>tempora</span> 
     </span>
     <span class='ocr_line' id='line_1_10' title="bbox 383 1734 1337 1819; baseline 0.001 -21"><span class='ocrx_word' id='word_1_63' title='bbox 383 1736 545 1813; x_wconf 89' lang='lat' dir='ltr'>reseratur,</span> <span class='ocrx_word' id='word_1_64' title='bbox 560 1734 617 1798; x_wconf 89' lang='lat' dir='ltr'>sed</span> <span class='ocrx_word' id='word_1_65' title='bbox 632 1734 672 1799; x_wconf 90' lang='lat' dir='ltr'>ad</span> <span class='ocrx_word' id='word_1_66' title='bbox 689 1735 775 1799; x_wconf 86' lang='lat' dir='ltr'>verbi</span> <span class='ocrx_word' id='word_1_67' title='bbox 793 1735 855 1797; x_wconf 91' lang='lat' dir='ltr'>Dei</span> <span class='ocrx_word' id='word_1_68' title='bbox 871 1734 1030 1815; x_wconf 88' lang='lat' dir='ltr'>legitimas</span> <span class='ocrx_word' id='word_1_69' title='bbox 1052 1734 1249 1812; x_wconf 86' lang='lat' dir='ltr'>sanctiones,</span> <span class='ocrx_word' id='word_1_70' title='bbox 1266 1738 1337 1819; x_wconf 90' lang='lat' dir='ltr'>quia</span> 
     </span>
     <span class='ocr_line' id='line_1_11' title="bbox 383 1835 1335 1921; baseline 0.001 -19"><span class='ocrx_word' id='word_1_71' title='bbox 383 1860 424 1902; x_wconf 84' lang='lat' dir='ltr'>ex</span> <span class='ocrx_word' id='word_1_72' title='bbox 440 1838 638 1921; x_wconf 84' lang='lat' dir='ltr'>professione</span> <span class='ocrx_word' id='word_1_73' title='bbox 653 1859 718 1900; x_wconf 90' lang='lat' dir='ltr'>non</span> <span class='ocrx_word' id='word_1_74' title='bbox 733 1838 947 1901; x_wconf 89' lang='lat' dir='ltr'>Heuricianus</span> <span class='ocrx_word' id='word_1_75' title='bbox 959 1858 1028 1900; x_wconf 89' lang='lat' dir='ltr'>esse</span> <span class='ocrx_word' id='word_1_76' title='bbox 1040 1835 1147 1915; x_wconf 87' lang='lat' dir='ltr'>debet,</span> <span class='ocrx_word' id='word_1_77' title='bbox 1160 1837 1218 1901; x_wconf 91' lang='lat' dir='ltr'>sed</span> <span class='ocrx_word' id='word_1_78' title='bbox 1230 1836 1335 1903; x_wconf 85' lang='lat' dir='ltr'>Chris·</span> 
     </span>
     <span class='ocr_line' id='line_1_12' title="bbox 385 1941 503 2003; baseline 0.008 -2"><span class='ocrx_word' id='word_1_79' title='bbox 385 1941 503 2003; x_wconf 89' lang='lat' dir='ltr'>tianus.</span> 
     </span>
    </p>

    <p class='ocr_par' dir='ltr' id='par_1_3' title="bbox 267 2041 1335 4463">
     <span class='ocr_line' id='line_1_13' title="bbox 427 2041 1333 2127; baseline 0.004 -23"><span class='ocrx_word' id='word_1_80' title='bbox 427 2041 491 2106; x_wconf 90' lang='lat' dir='ltr'>Sed</span> <span class='ocrx_word' id='word_1_81' title='bbox 507 2042 637 2107; x_wconf 88' lang='lat' dir='ltr'>sortasse</span> <span class='ocrx_word' id='word_1_82' title='bbox 660 2042 813 2127; x_wconf 88' lang='lat' dir='ltr'>objicies:</span> <span class='ocrx_word' id='word_1_83' title='bbox 850 2043 883 2105; x_wconf 89' lang='lat' dir='ltr'>Si</span> <span class='ocrx_word' id='word_1_84' title='bbox 906 2044 951 2106; x_wconf 90' lang='lat' dir='ltr'>ita</span> <span class='ocrx_word' id='word_1_85' title='bbox 978 2044 1097 2121; x_wconf 87' lang='lat' dir='ltr'>statuit,</span> <span class='ocrx_word' id='word_1_86' title='bbox 1112 2065 1209 2127; x_wconf 89' lang='lat' dir='ltr'>quare</span> <span class='ocrx_word' id='word_1_87' title='bbox 1232 2044 1333 2126; x_wconf 86' lang='lat' dir='ltr'>sugit?</span> 
     </span>
     <span class='ocr_line' id='line_1_14' title="bbox 382 2141 1334 2231; baseline 0.002 -25"><span class='ocrx_word' id='word_1_88' title='bbox 382 2144 488 2215; x_wconf 85' lang='lat' dir='ltr'>Quare</span> <span class='ocrx_word' id='word_1_89' title='bbox 505 2154 551 2207; x_wconf 91' lang='lat' dir='ltr'>tot</span> <span class='ocrx_word' id='word_1_90' title='bbox 567 2157 598 2208; x_wconf 89' lang='lat' dir='ltr'>et</span> <span class='ocrx_word' id='word_1_91' title='bbox 613 2141 710 2208; x_wconf 88' lang='lat' dir='ltr'>tantis</span> <span class='ocrx_word' id='word_1_92' title='bbox 731 2144 883 2228; x_wconf 90' lang='lat' dir='ltr'>periculis</span> <span class='ocrx_word' id='word_1_93' title='bbox 906 2144 1058 2227; x_wconf 85' lang='lat' dir='ltr'>exposuit</span> <span class='ocrx_word' id='word_1_94' title='bbox 1082 2146 1265 2224; x_wconf 89' lang='lat' dir='ltr'>ecclesiam,</span> <span class='ocrx_word' id='word_1_95' title='bbox 1279 2168 1334 2231; x_wconf 90' lang='lat' dir='ltr'>pro</span> 
     </span>
     <span class='ocr_line' id='line_1_15' title="bbox 381 2244 1335 2331; baseline 0.002 -22"><span class='ocrx_word' id='word_1_96' title='bbox 381 2269 445 2329; x_wconf 90' lang='lat' dir='ltr'>qua</span> <span class='ocrx_word' id='word_1_97' title='bbox 457 2246 678 2311; x_wconf 89' lang='lat' dir='ltr'>sacerdotibus</span> <span class='ocrx_word' id='word_1_98' title='bbox 695 2246 833 2309; x_wconf 88' lang='lat' dir='ltr'>animam</span> <span class='ocrx_word' id='word_1_99' title='bbox 851 2244 1031 2329; x_wconf 89' lang='lat' dir='ltr'>ponendam</span> <span class='ocrx_word' id='word_1_100' title='bbox 1044 2267 1114 2310; x_wconf 87' lang='lat' dir='ltr'>esso</span> <span class='ocrx_word' id='word_1_101' title='bbox 1130 2259 1335 2331; x_wconf 77' lang='lat' dir='ltr'>praenoverat,</span> 
     </span>
     <span class='ocr_line' id='line_1_16' title="bbox 382 2348 1335 2432; baseline 0.004 -23"><span class='ocrx_word' id='word_1_102' title='bbox 382 2349 410 2409; x_wconf 91' lang='lat' dir='ltr'>si</span> <span class='ocrx_word' id='word_1_103' title='bbox 440 2350 527 2429; x_wconf 89' lang='lat' dir='ltr'>leges</span> <span class='ocrx_word' id='word_1_104' title='bbox 556 2349 739 2432; x_wconf 89' lang='lat' dir='ltr'>principum</span> <span class='ocrx_word' id='word_1_105' title='bbox 769 2359 801 2411; x_wconf 90' lang='lat' dir='ltr'>et</span> <span class='ocrx_word' id='word_1_106' title='bbox 830 2348 931 2410; x_wconf 83' lang='lat' dir='ltr'>avitas</span> <span class='ocrx_word' id='word_1_107' title='bbox 965 2348 1056 2429; x_wconf 84' lang='lat' dir='ltr'>regni</span> <span class='ocrx_word' id='word_1_108' title='bbox 1086 2349 1335 2413; x_wconf 87' lang='lat' dir='ltr'>consuetudines</span> 
     </span>
     <span class='ocr_line' id='line_1_17' title="bbox 379 2446 1332 2533; baseline 0.004 -24"><span class='ocrx_word' id='word_1_109' title='bbox 379 2447 497 2511; x_wconf 87' lang='lat' dir='ltr'>divinis</span> <span class='ocrx_word' id='word_1_110' title='bbox 509 2449 728 2512; x_wconf 88' lang='lat' dir='ltr'>sanctionibus</span> <span class='ocrx_word' id='word_1_111' title='bbox 744 2459 937 2532; x_wconf 85' lang='lat' dir='ltr'>postponere</span> <span class='ocrx_word' id='word_1_112' title='bbox 951 2446 1112 2510; x_wconf 86' lang='lat' dir='ltr'>decernit?</span> <span class='ocrx_word' id='word_1_113' title='bbox 1137 2471 1236 2532; x_wconf 90' lang='lat' dir='ltr'>quare</span> <span class='ocrx_word' id='word_1_114' title='bbox 1249 2450 1332 2533; x_wconf 93' lang='lat' dir='ltr'>apud</span> 
     </span>
     <span class='ocr_line' id='line_1_18' title="bbox 379 2549 1333 2634; baseline 0.001 -21"><span class='ocrx_word' id='word_1_115' title='bbox 379 2549 614 2613; x_wconf 88' lang='lat' dir='ltr'>Clarendonam</span> <span class='ocrx_word' id='word_1_116' title='bbox 643 2551 677 2613; x_wconf 90' lang='lat' dir='ltr'>in</span> <span class='ocrx_word' id='word_1_117' title='bbox 706 2552 914 2634; x_wconf 87' lang='lat' dir='ltr'>reprobarum</span> <span class='ocrx_word' id='word_1_118' title='bbox 943 2549 1212 2612; x_wconf 89' lang='lat' dir='ltr'>consuetudinum</span> <span class='ocrx_word' id='word_1_119' title='bbox 1240 2552 1333 2614; x_wconf 86' lang='lat' dir='ltr'>verba</span> 
     </span>
     <span class='ocr_line' id='line_1_19' title="bbox 373 2650 1332 2735; baseline 0.002 -22"><span class='ocrx_word' id='word_1_120' title='bbox 373 2650 505 2735; x_wconf 87' lang='lat' dir='ltr'>juravit,</span> <span class='ocrx_word' id='word_1_121' title='bbox 531 2672 604 2732; x_wconf 83' lang='lat' dir='ltr'>quae</span> <span class='ocrx_word' id='word_1_122' title='bbox 631 2650 746 2713; x_wconf 87' lang='lat' dir='ltr'>divinis</span> <span class='ocrx_word' id='word_1_123' title='bbox 771 2651 908 2732; x_wconf 89' lang='lat' dir='ltr'>legibus,</span> <span class='ocrx_word' id='word_1_124' title='bbox 937 2660 969 2714; x_wconf 90' lang='lat' dir='ltr'>et</span> <span class='ocrx_word' id='word_1_125' title='bbox 998 2661 1179 2714; x_wconf 90' lang='lat' dir='ltr'>sanctorum</span> <span class='ocrx_word' id='word_1_126' title='bbox 1209 2665 1332 2735; x_wconf 87' lang='lat' dir='ltr'>patrum</span> 
     </span>
     <span class='ocr_line' id='line_1_20' title="bbox 376 2749 1332 2836; baseline -0.001 -18"><span class='ocrx_word' id='word_1_127' title='bbox 376 2752 666 2818; x_wconf 89' lang='lat' dir='ltr'>consuetudinibus</span> <span class='ocrx_word' id='word_1_128' title='bbox 687 2753 816 2836; x_wconf 90' lang='lat' dir='ltr'>penitus</span> <span class='ocrx_word' id='word_1_129' title='bbox 839 2749 1066 2817; x_wconf 78' lang='lat' dir='ltr'>adversantur?</span> <span class='ocrx_word' id='word_1_130' title='bbox 1098 2752 1204 2824; x_wconf 86' lang='lat' dir='ltr'>Quare</span> <span class='ocrx_word' id='word_1_131' title='bbox 1220 2777 1254 2818; x_wconf 91' lang='lat' dir='ltr'>se</span> <span class='ocrx_word' id='word_1_132' title='bbox 1269 2776 1332 2819; x_wconf 93' lang='lat' dir='ltr'>non</span> 
     </span>
     <span class='ocr_line' id='line_1_21' title="bbox 374 2853 1328 2938; baseline 0.002 -20"><span class='ocrx_word' id='word_1_133' title='bbox 374 2856 489 2938; x_wconf 87' lang='lat' dir='ltr'>ingerit</span> <span class='ocrx_word' id='word_1_134' title='bbox 511 2866 545 2919; x_wconf 90' lang='lat' dir='ltr'>ut</span> <span class='ocrx_word' id='word_1_135' title='bbox 566 2856 599 2919; x_wconf 92' lang='lat' dir='ltr'>in</span> <span class='ocrx_word' id='word_1_136' title='bbox 623 2866 800 2938; x_wconf 89' lang='lat' dir='ltr'>conspectu</span> <span class='ocrx_word' id='word_1_137' title='bbox 822 2876 932 2937; x_wconf 90' lang='lat' dir='ltr'>regum</span> <span class='ocrx_word' id='word_1_138' title='bbox 955 2864 988 2918; x_wconf 87' lang='lat' dir='ltr'>et</span> <span class='ocrx_word' id='word_1_139' title='bbox 1014 2853 1197 2937; x_wconf 88' lang='lat' dir='ltr'>principum</span> <span class='ocrx_word' id='word_1_140' title='bbox 1224 2858 1328 2937; x_wconf 87' lang='lat' dir='ltr'>legem</span> 
     </span>
     <span class='ocr_line' id='line_1_22' title="bbox 376 2954 1332 3043; baseline 0 -24"><span class='ocrx_word' id='word_1_141' title='bbox 376 2958 441 3020; x_wconf 91' lang='lat' dir='ltr'>Dei</span> <span class='ocrx_word' id='word_1_142' title='bbox 456 2959 604 3043; x_wconf 90' lang='lat' dir='ltr'>loquatur</span> <span class='ocrx_word' id='word_1_143' title='bbox 618 2955 820 3039; x_wconf 75' lang='lat' dir='ltr'>intrepidus?</span> <span class='ocrx_word' id='word_1_144' title='bbox 843 2956 877 3017; x_wconf 91' lang='lat' dir='ltr'>H</span> <span class='ocrx_word' id='word_1_145' title='bbox 880 2976 925 3018; x_wconf 78' lang='lat' dir='ltr'>me</span> <span class='ocrx_word' id='word_1_146' title='bbox 942 2954 1026 3017; x_wconf 90' lang='lat' dir='ltr'>enim</span> <span class='ocrx_word' id='word_1_147' title='bbox 1039 2955 1147 3018; x_wconf 91' lang='lat' dir='ltr'>omnia</span> <span class='ocrx_word' id='word_1_148' title='bbox 1161 2966 1272 3038; x_wconf 79' lang='lat' dir='ltr'>gentes</span> <span class='ocrx_word' id='word_1_149' title='bbox 1286 2957 1332 3019; x_wconf 92' lang='lat' dir='ltr'>in-</span> 
     </span>
     <span class='ocr_line' id='line_1_23' title="bbox 277 3055 1327 3143; baseline 0.001 -21"><span class='ocrx_word' id='word_1_150' title='bbox 277 3136 279 3143; x_wconf 20' lang='lat' dir='ltr'>l</span> <span class='ocrx_word' id='word_1_151' title='bbox 376 3058 511 3141; x_wconf 86' lang='lat' dir='ltr'>quirunt</span> <span class='ocrx_word' id='word_1_152' title='bbox 558 3061 656 3140; x_wconf 89' lang='lat' dir='ltr'>Fugae</span> <span class='ocrx_word' id='word_1_153' title='bbox 672 3058 804 3143; x_wconf 86' lang='lat' dir='ltr'>quidem</span> <span class='ocrx_word' id='word_1_154' title='bbox 828 3057 927 3122; x_wconf 90' lang='lat' dir='ltr'>habet</span> <span class='ocrx_word' id='word_1_155' title='bbox 941 3068 1103 3120; x_wconf 89' lang='lat' dir='ltr'>auctorem</span> <span class='ocrx_word' id='word_1_156' title='bbox 1118 3055 1280 3122; x_wconf 82' lang='lat' dir='ltr'>Christum</span> <span class='ocrx_word' id='word_1_157' title='bbox 1296 3068 1327 3123; x_wconf 87' lang='lat' dir='ltr'>et</span> 
     </span>
     <span class='ocr_line' id='line_1_24' title="bbox 267 3160 1324 3246; baseline 0.004 -26"><span class='ocrx_word' id='word_1_158' title='bbox 267 3192 274 3203; x_wconf 38' lang='grc' dir='ltr'><strong><em>κ</em></strong></span> <span class='ocrx_word' id='word_1_159' title='bbox 373 3162 553 3241; x_wconf 88' lang='lat' dir='ltr'>apostolum</span> <span class='ocrx_word' id='word_1_160' title='bbox 578 3162 658 3245; x_wconf 88' lang='lat' dir='ltr'>ejus,</span> <span class='ocrx_word' id='word_1_161' title='bbox 680 3161 735 3246; x_wconf 93' lang='lat' dir='ltr'>qui</span> <span class='ocrx_word' id='word_1_162' title='bbox 758 3160 909 3224; x_wconf 90' lang='lat' dir='ltr'>dimissus</span> <span class='ocrx_word' id='word_1_163' title='bbox 934 3160 967 3222; x_wconf 89' lang='lat' dir='ltr'>iu</span> <span class='ocrx_word' id='word_1_164' title='bbox 994 3170 1103 3243; x_wconf 86' lang='lat' dir='ltr'>sporta</span> <span class='ocrx_word' id='word_1_165' title='bbox 1130 3181 1324 3244; x_wconf 87' lang='lat' dir='ltr'>persequen-</span> 
     </span>
     <span class='ocr_line' id='line_1_25' title="bbox 369 3260 1322 3343; baseline 0.004 -21"><span class='ocrx_word' id='word_1_166' title='bbox 369 3260 448 3326; x_wconf 89' lang='lat' dir='ltr'>tium</span> <span class='ocrx_word' id='word_1_167' title='bbox 480 3282 594 3325; x_wconf 89' lang='lat' dir='ltr'>manus</span> <span class='ocrx_word' id='word_1_168' title='bbox 622 3263 731 3337; x_wconf 87' lang='lat' dir='ltr'>evasit,</span> <span class='ocrx_word' id='word_1_169' title='bbox 757 3262 863 3325; x_wconf 85' lang='lat' dir='ltr'>sciens</span> <span class='ocrx_word' id='word_1_170' title='bbox 893 3283 912 3326; x_wconf 90' lang='lat' dir='ltr'>a</span> <span class='ocrx_word' id='word_1_171' title='bbox 940 3260 1022 3324; x_wconf 87' lang='lat' dir='ltr'>facie</span> <span class='ocrx_word' id='word_1_172' title='bbox 1052 3281 1232 3343; x_wconf 90' lang='lat' dir='ltr'>personam,</span> <span class='ocrx_word' id='word_1_173' title='bbox 1258 3284 1322 3326; x_wconf 92' lang='lat' dir='ltr'>non</span> 
     </span>
     <span class='ocr_line' id='line_1_26' title="bbox 370 3361 1321 3445; baseline 0.004 -22"><span class='ocrx_word' id='word_1_174' title='bbox 370 3382 511 3439; x_wconf 89' lang='lat' dir='ltr'>eausam,</span> <span class='ocrx_word' id='word_1_175' title='bbox 525 3363 745 3445; x_wconf 87' lang='lat' dir='ltr'>persequentis</span> <span class='ocrx_word' id='word_1_176' title='bbox 760 3366 801 3428; x_wconf 92' lang='lat' dir='ltr'>ab</span> <span class='ocrx_word' id='word_1_177' title='bbox 816 3384 882 3427; x_wconf 87' lang='lat' dir='ltr'>una</span> <span class='ocrx_word' id='word_1_178' title='bbox 900 3362 1028 3427; x_wconf 82' lang='lat' dir='ltr'>civitate</span> <span class='ocrx_word' id='word_1_179' title='bbox 1043 3361 1232 3443; x_wconf 86' lang='lat' dir='ltr'>fugiendum</span> <span class='ocrx_word' id='word_1_180' title='bbox 1253 3385 1321 3427; x_wconf 86' lang='lat' dir='ltr'>esse</span> 
     </span>
     <span class='ocr_line' id='line_1_27' title="bbox 370 3462 1323 3547; baseline 0.006 -24"><span class='ocrx_word' id='word_1_181' title='bbox 370 3463 404 3524; x_wconf 91' lang='lat' dir='ltr'>in</span> <span class='ocrx_word' id='word_1_182' title='bbox 420 3462 527 3526; x_wconf 86' lang='lat' dir='ltr'>aliam.</span> <span class='ocrx_word' id='word_1_183' title='bbox 567 3463 707 3527; x_wconf 89' lang='lat' dir='ltr'>Videbat</span> <span class='ocrx_word' id='word_1_184' title='bbox 718 3465 803 3528; x_wconf 89' lang='lat' dir='ltr'>enim</span> <span class='ocrx_word' id='word_1_185' title='bbox 816 3484 908 3546; x_wconf 87' lang='lat' dir='ltr'>reges</span> <span class='ocrx_word' id='word_1_186' title='bbox 919 3474 949 3528; x_wconf 91' lang='lat' dir='ltr'>et</span> <span class='ocrx_word' id='word_1_187' title='bbox 960 3463 1125 3547; x_wconf 89' lang='lat' dir='ltr'>principes</span> <span class='ocrx_word' id='word_1_188' title='bbox 1138 3466 1323 3529; x_wconf 83' lang='lat' dir='ltr'>convenisse</span> 
     </span>
     <span class='ocr_line' id='line_1_28' title="bbox 371 3563 1325 3650; baseline 0.004 -25"><span class='ocrx_word' id='word_1_189' title='bbox 371 3563 522 3626; x_wconf 85' lang='lat' dir='ltr'>adversus</span> <span class='ocrx_word' id='word_1_190' title='bbox 538 3565 712 3628; x_wconf 92' lang='lat' dir='ltr'>Dominum</span> <span class='ocrx_word' id='word_1_191' title='bbox 729 3579 761 3629; x_wconf 88' lang='lat' dir='ltr'>et</span> <span class='ocrx_word' id='word_1_192' title='bbox 775 3566 927 3630; x_wconf 90' lang='lat' dir='ltr'>adversus</span> <span class='ocrx_word' id='word_1_193' title='bbox 943 3565 1106 3630; x_wconf 84' lang='lat' dir='ltr'>Christum</span> <span class='ocrx_word' id='word_1_194' title='bbox 1123 3566 1201 3650; x_wconf 88' lang='lat' dir='ltr'>ejus.</span> <span class='ocrx_word' id='word_1_195' title='bbox 1241 3567 1325 3631; x_wconf 84' lang='lat' dir='ltr'>Con·</span> 
     </span>
     <span class='ocr_line' id='line_1_29' title="bbox 370 3665 1323 3751; baseline 0.006 -25"><span class='ocrx_word' id='word_1_196' title='bbox 370 3665 450 3746; x_wconf 89' lang='lat' dir='ltr'>sugit</span> <span class='ocrx_word' id='word_1_197' title='bbox 461 3687 536 3748; x_wconf 88' lang='lat' dir='ltr'>ergo</span> <span class='ocrx_word' id='word_1_198' title='bbox 547 3667 588 3729; x_wconf 88' lang='lat' dir='ltr'>ad</span> <span class='ocrx_word' id='word_1_199' title='bbox 600 3667 780 3731; x_wconf 89' lang='lat' dir='ltr'>Romanum</span> <span class='ocrx_word' id='word_1_200' title='bbox 790 3666 979 3751; x_wconf 88' lang='lat' dir='ltr'>pontificem</span> <span class='ocrx_word' id='word_1_201' title='bbox 992 3688 1087 3751; x_wconf 90' lang='lat' dir='ltr'>quem</span> <span class='ocrx_word' id='word_1_202' title='bbox 1100 3668 1323 3751; x_wconf 80' lang='lat' dir='ltr'>appellaverat,</span> 
     </span>
     <span class='ocr_line' id='line_1_30' title="bbox 369 3766 1321 3854; baseline 0.003 -26"><span class='ocrx_word' id='word_1_203' title='bbox 369 3777 405 3829; x_wconf 92' lang='lat' dir='ltr'>ut</span> <span class='ocrx_word' id='word_1_204' title='bbox 426 3766 494 3850; x_wconf 87' lang='lat' dir='ltr'>ejus</span> <span class='ocrx_word' id='word_1_205' title='bbox 517 3768 666 3849; x_wconf 89' lang='lat' dir='ltr'>praesidio</span> <span class='ocrx_word' id='word_1_206' title='bbox 682 3770 821 3833; x_wconf 89' lang='lat' dir='ltr'>validius</span> <span class='ocrx_word' id='word_1_207' title='bbox 843 3770 1053 3854; x_wconf 89' lang='lat' dir='ltr'>opitularetur</span> <span class='ocrx_word' id='word_1_208' title='bbox 1076 3770 1224 3834; x_wconf 78' lang='lat' dir='ltr'>eeclesiae</span> <span class='ocrx_word' id='word_1_209' title='bbox 1246 3789 1321 3831; x_wconf 90' lang='lat' dir='ltr'>nau·</span> 
     </span>
     <span class='ocr_line' id='line_1_31' title="bbox 367 3867 1320 3954; baseline 0.002 -25"><span class='ocrx_word' id='word_1_210' title='bbox 367 3867 516 3947; x_wconf 83' lang='lat' dir='ltr'>fraganti,</span> <span class='ocrx_word' id='word_1_211' title='bbox 531 3891 626 3953; x_wconf 90' lang='lat' dir='ltr'>quam</span> <span class='ocrx_word' id='word_1_212' title='bbox 647 3870 680 3932; x_wconf 91' lang='lat' dir='ltr'>in</span> <span class='ocrx_word' id='word_1_213' title='bbox 705 3871 830 3953; x_wconf 87' lang='lat' dir='ltr'>Anglia,</span> <span class='ocrx_word' id='word_1_214' title='bbox 845 3882 881 3934; x_wconf 90' lang='lat' dir='ltr'>ut</span> <span class='ocrx_word' id='word_1_215' title='bbox 896 3870 1021 3949; x_wconf 89' lang='lat' dir='ltr'>dicitur,</span> <span class='ocrx_word' id='word_1_216' title='bbox 1036 3871 1201 3954; x_wconf 90' lang='lat' dir='ltr'>principes</span> <span class='ocrx_word' id='word_1_217' title='bbox 1220 3889 1320 3934; x_wconf 88' lang='lat' dir='ltr'>saeer-</span> 
     </span>
     <span class='ocr_line' id='line_1_32' title="bbox 367 3967 1319 4055; baseline 0.004 -26"><span class='ocrx_word' id='word_1_218' title='bbox 367 3967 476 4030; x_wconf 91' lang='lat' dir='ltr'>dotum</span> <span class='ocrx_word' id='word_1_219' title='bbox 493 3970 631 4033; x_wconf 87' lang='lat' dir='ltr'>maxime</span> <span class='ocrx_word' id='word_1_220' title='bbox 650 3974 907 4055; x_wconf 83' lang='lat' dir='ltr'>submergebant.</span> <span class='ocrx_word' id='word_1_221' title='bbox 955 3974 1028 4036; x_wconf 91' lang='lat' dir='ltr'>Hoe</span> <span class='ocrx_word' id='word_1_222' title='bbox 1054 3982 1164 4049; x_wconf 86' lang='lat' dir='ltr'>autem</span> <span class='ocrx_word' id='word_1_223' title='bbox 1179 3969 1319 4036; x_wconf 86' lang='lat' dir='ltr'>nonfuit</span> 
     </span>
     <span class='ocr_line' id='line_1_33' title="bbox 364 4069 1314 4158; baseline 0.007 -28"><span class='ocrx_word' id='word_1_224' title='bbox 364 4069 533 4131; x_wconf 88' lang='lat' dir='ltr'>ecelesiam</span> <span class='ocrx_word' id='word_1_225' title='bbox 548 4090 722 4153; x_wconf 87' lang='lat' dir='ltr'>exponere,</span> <span class='ocrx_word' id='word_1_226' title='bbox 734 4073 791 4137; x_wconf 91' lang='lat' dir='ltr'>sed</span> <span class='ocrx_word' id='word_1_227' title='bbox 805 4074 988 4138; x_wconf 90' lang='lat' dir='ltr'>liberationi</span> <span class='ocrx_word' id='word_1_228' title='bbox 1003 4074 1072 4158; x_wconf 90' lang='lat' dir='ltr'>ejus</span> <span class='ocrx_word' id='word_1_229' title='bbox 1088 4094 1221 4156; x_wconf 91' lang='lat' dir='ltr'>operam</span> <span class='ocrx_word' id='word_1_230' title='bbox 1236 4074 1314 4137; x_wconf 84' lang='lat' dir='ltr'>dare·</span> 
     </span>
     <span class='ocr_line' id='line_1_34' title="bbox 363 4168 1314 4259; baseline 0.007 -28"><span class='ocrx_word' id='word_1_231' title='bbox 363 4168 436 4231; x_wconf 89' lang='lat' dir='ltr'>Nisi</span> <span class='ocrx_word' id='word_1_232' title='bbox 451 4169 529 4231; x_wconf 81' lang='lat' dir='ltr'>forte</span> <span class='ocrx_word' id='word_1_233' title='bbox 546 4180 578 4233; x_wconf 89' lang='lat' dir='ltr'>ct</span> <span class='ocrx_word' id='word_1_234' title='bbox 592 4171 646 4235; x_wconf 88' lang='lat' dir='ltr'>ille</span> <span class='ocrx_word' id='word_1_235' title='bbox 664 4174 722 4237; x_wconf 92' lang='lat' dir='ltr'>tibi</span> <span class='ocrx_word' id='word_1_236' title='bbox 746 4196 861 4239; x_wconf 81' lang='lat' dir='ltr'>navem</span> <span class='ocrx_word' id='word_1_237' title='bbox 884 4177 1065 4258; x_wconf 87' lang='lat' dir='ltr'>relinquere</span> <span class='ocrx_word' id='word_1_238' title='bbox 1079 4175 1236 4254; x_wconf 86' lang='lat' dir='ltr'>videatur,</span> <span class='ocrx_word' id='word_1_239' title='bbox 1252 4173 1314 4259; x_wconf 90' lang='lat' dir='ltr'>qui,</span> 
     </span>
     <span class='ocr_line' id='line_1_35' title="bbox 363 4273 1315 4362; baseline 0.002 -28"><span class='ocrx_word' id='word_1_240' title='bbox 363 4283 399 4334; x_wconf 90' lang='lat' dir='ltr'>ut</span> <span class='ocrx_word' id='word_1_241' title='bbox 426 4294 496 4335; x_wconf 87' lang='lat' dir='ltr'>earn</span> <span class='ocrx_word' id='word_1_242' title='bbox 522 4273 565 4336; x_wconf 87' lang='lat' dir='ltr'>ad</span> <span class='ocrx_word' id='word_1_243' title='bbox 594 4284 719 4358; x_wconf 91' lang='lat' dir='ltr'>portum</span> <span class='ocrx_word' id='word_1_244' title='bbox 750 4279 924 4360; x_wconf 89' lang='lat' dir='ltr'>pertrahat,</span> <span class='ocrx_word' id='word_1_245' title='bbox 950 4279 1103 4362; x_wconf 89' lang='lat' dir='ltr'>scapham</span> <span class='ocrx_word' id='word_1_246' title='bbox 1133 4277 1315 4360; x_wconf 88' lang='lat' dir='ltr'>ingreditur.</span> 
     </span>
     <span class='ocr_line' id='line_1_36' title="bbox 362 4375 1316 4463; baseline -0.001 -24"><span class='ocrx_word' id='word_1_247' title='bbox 362 4375 631 4442; x_wconf 87' lang='lat' dir='ltr'>Pollicitationem</span> <span class='ocrx_word' id='word_1_248' title='bbox 664 4377 888 4459; x_wconf 86' lang='lat' dir='ltr'>Clarendonae,</span> <span class='ocrx_word' id='word_1_249' title='bbox 918 4380 959 4444; x_wconf 91' lang='lat' dir='ltr'>ad</span> <span class='ocrx_word' id='word_1_250' title='bbox 989 4402 1085 4463; x_wconf 91' lang='lat' dir='ltr'>quam</span> <span class='ocrx_word' id='word_1_251' title='bbox 1116 4379 1156 4443; x_wconf 91' lang='lat' dir='ltr'>de</span> <span class='ocrx_word' id='word_1_252' title='bbox 1188 4376 1316 4444; x_wconf 91' lang='lat' dir='ltr'>consilio</span> 
     </span>
    </p>
   </div>
   <div class='ocr_carea' id='block_1_3' title="bbox 0 0 1696 5525">
    <p class='ocr_par' dir='ltr' id='par_1_4' title="bbox 0 0 1696 5525">
     <span class='ocr_line' id='line_1_37' title="bbox 0 0 1696 5525; baseline 0 6"><span class='ocrx_word' id='word_1_253' title='bbox 0 0 1696 5525; x_wconf 95' lang='lat' dir='ltr'> </span> 
     </span>
    </p>
   </div>
  </div>
 </body>
</html>
