3384 5525
287 803 294 812 ·
362 785 427 844 ‘214
622 794 757 839 sonuum
774 791 1054 838 sannsuumnrvsrs
1231 772 1277 851 [Δ.
1290 790 1321 835 u.

367 945 589 1034 comprobetis.
620 946 692 1008 Non
705 943 834 1030 quidem
846 956 882 1007 ut
895 942 958 1006 illis
972 941 1113 1007 remissio
1126 942 1178 1021 sit,
1188 953 1221 1006 et
1233 940 1323 1004 vobis

368 1047 549 1116 tribulatio:
575 1046 629 1111 sed
645 1069 683 1109 ex
701 1044 895 1130 aequalitate,
913 1058 947 1107 ut
964 1044 997 1106 iu
1014 1044 1164 1128 praesenti
1180 1055 1320 1127 ternpore

370 1165 476 1216 vestra
498 1146 696 1213 abundantia
720 1148 745 1211 si
772 1170 834 1211 non
858 1146 1018 1221 fraternae,
1041 1145 1127 1231 quod
1151 1155 1323 1231 oporteret,

370 1253 480 1320 saltem
496 1263 639 1338 paternas
653 1249 770 1332 inopias
787 1250 829 1313 sit
851 1249 1120 1335 supplementum.
1167 1248 1322 1334 Alioquin

369 1370 480 1443 patens
494 1353 554 1417 erit
568 1352 731 1438 iniquitas,
742 1349 798 1414 ubi
813 1349 903 1413 nulla
918 1350 1148 1437 aequaudorum
1165 1352 1321 1437 reperitur

371 1457 547 1544 aequalitas.
594 1456 677 1520 Nam
701 1453 742 1517 de
765 1454 816 1518 his
838 1452 896 1539 qui
921 1469 1086 1519 versantur
1110 1454 1274 1519 unanimes
1290 1454 1322 1517 in

371 1562 466 1625 domo
489 1558 631 1633 Domini,
655 1556 888 1642 scriptumest.
939 1556 1001 1632 Qui
1025 1556 1164 1621 multum
1188 1556 1324 1621 habebat

371 1685 434 1726 uon
450 1658 638 1738 abundavit,
649 1671 681 1723 et
696 1658 754 1744 qui
769 1659 930 1722 modicum
946 1681 1009 1723 non
1025 1659 1204 1725 minoravit.
1236 1660 1325 1723 Nun·

372 1762 452 1849 quid
467 1784 524 1825 vos
539 1759 595 1824 soli
612 1761 644 1823 in
659 1758 770 1823 castris
781 1756 912 1822 Domini
928 1761 1050 1823 Gomor
1065 1758 1243 1844 legitimum
1257 1782 1325 1847 per-

373 1863 524 1928 didistis?
559 1861 583 1924 si
609 1881 725 1923 manua
749 1858 939 1944 prohibente
966 1860 1105 1923 Domino
1132 1872 1324 1923 reservatum

372 1987 491 2028 munus
511 1962 639 2050 quidem
663 1961 801 2039 coeleste,
817 1974 848 2025 et
873 1962 965 2047 panis
987 1974 1019 2025 et
1035 1973 1146 2045 pastus
1165 1962 1326 2047 angelicus

373 2064 526 2153 putrescit
541 2078 572 2129 et
588 2087 712 2128 vermes
725 2063 816 2127 facit:
840 2063 917 2150 quid
935 2063 1113 2149 putredinis
1125 2075 1156 2128 et
1172 2065 1326 2128 vermium

373 2168 538 2233 contrahet
554 2165 703 2252 putredo,
719 2164 859 2230 Domino
869 2166 1069 2251 prohibente,
1081 2178 1206 2229 servata
1218 2166 1250 2229 in
1266 2166 1328 2230 dis·

372 2271 525 2358 pendium
540 2270 692 2349 caritatis,
706 2269 738 2332 in
754 2269 858 2333 esurie
872 2281 904 2333 et
919 2268 1066 2334 nuditate
1080 2269 1243 2334 fratrum?
1267 2292 1327 2334 non

374 2374 487 2459 utique
502 2372 589 2458 quod
601 2371 648 2436 illi
662 2371 803 2435 esuriant
818 2383 875 2435 aut
891 2373 969 2436 nudi
986 2382 1073 2453 sunt,
1083 2370 1138 2437 sed
1154 2371 1243 2458 quod
1259 2371 1329 2436 illos

374 2474 436 2538 uisi
456 2474 571 2537 caritas
593 2472 626 2535 iu
649 2471 739 2538 vobis
763 2494 820 2557 per
840 2471 976 2557 gratiam
1001 2471 1138 2558 amplius
1160 2471 1329 2548 excitetur,

374 2574 462 2655 fami,
476 2573 616 2638 nuditati
631 2587 663 2638 et
684 2573 833 2659 periculis
848 2573 996 2638 omnibus
1015 2574 1216 2660 exposuistis.
1254 2575 1330 2637 Ver-

376 2695 484 2740 sentur
495 2673 564 2738 haec
575 2687 607 2739 et
620 2674 732 2739 similia
748 2675 779 2739 in
789 2676 903 2739 animis
917 2688 949 2741 et
959 2687 1105 2742 terantur
1118 2680 1150 2741 in
1163 2676 1329 2764 colloquiis

375 2777 501 2853 vestris,
516 2788 548 2841 et
570 2775 676 2862 ponite
691 2776 788 2841 corda
811 2791 915 2842 vestra
931 2800 1027 2863 super
1050 2777 1118 2842 vias
1132 2790 1271 2843 vestras:
1299 2791 1330 2842 et

378 2903 506 2945 causam
533 2891 565 2944 et
590 2878 705 2944 itinera
724 2879 835 2965 patris,
859 2891 891 2943 et
915 2881 983 2944 vias
1003 2879 1250 2946 adversantium.
1286 2880 1330 2944 Et

376 2979 532 3045 attendite
547 2978 620 3066 quis
636 2980 708 3044 Deo
722 2979 902 3065 inspectore
925 2994 955 3045 et
975 2979 1089 3066 judice
1111 2982 1212 3067 possit
1226 2982 1268 3046 ab
1282 2982 1330 3046 his

376 3082 482 3144 exitus
496 3082 672 3165 provenire.
719 3083 771 3144 lta
786 3092 891 3144 tamen
909 3094 944 3145 ut
960 3103 1022 3144 non
1039 3080 1120 3146 alius
1134 3082 1331 3147 consultator

258 3196 261 3202 '
376 3178 554 3264 Ranulphi,
577 3181 660 3246 alius
685 3182 812 3256 Jamne,
834 3181 916 3245 alius
940 3182 1117 3261 Mambres,
1132 3181 1216 3247 alius
1235 3183 1330 3248 Achi-

376 3279 486 3364 tophel
499 3303 729 3367 magorumque
742 3282 908 3347 similium:
933 3283 989 3347 sed
1004 3283 1225 3349 conscientiam
1241 3307 1330 3349 suam

376 3381 511 3466 quisque
532 3381 682 3446 discutiat
702 3395 734 3446 et
750 3384 910 3449 consultat
932 3385 1035 3470 legem
1051 3385 1124 3450 Dei.
1168 3389 1242 3452 Jam
1258 3408 1333 3450 sane

376 3481 496 3567 praevia
521 3480 643 3546 ratione
667 3480 819 3547 illustrati
848 3506 906 3569 per
934 3486 1069 3571 gratiam
1099 3487 1260 3552 reducetis
1289 3487 1332 3551 ad

376 3581 530 3662 animum,
555 3580 703 3666 quoniam
734 3581 949 3652 misericordia
977 3587 1146 3674 plenitudo
1170 3588 1332 3653 virtutum

375 3699 435 3763 est,
451 3699 483 3750 et
499 3685 680 3751 recedentes
694 3709 714 3750 a
728 3687 789 3752 viis
803 3689 946 3775 pristinis
960 3714 1035 3756 cum
1052 3716 1091 3758 eo
1105 3692 1226 3759 facietis
1240 3692 1333 3757 mise·

375 3788 554 3867 ricordiam,
573 3788 631 3874 qui
651 3811 720 3853 eam
743 3794 815 3856 Deo
836 3793 1032 3878 propitiante
1054 3795 1119 3861 cito
1141 3795 1333 3882 respondere

375 3891 494 3977 poterit
509 3891 543 3955 in
558 3912 656 3954 cornu
675 3891 778 3970 verbi,
793 3906 826 3959 et
847 3894 1024 3981 affligentes
1040 3919 1072 3960 se
1091 3909 1240 3983 potenter
1254 3899 1334 3962 affli-

373 4016 459 4078 gere.
504 3992 554 4059 sit
570 3991 701 4077 spiritus
724 3995 844 4060 consilii
861 3997 1035 4076 vobiscum,
1051 4011 1084 4064 et
1103 3997 1224 4084 dirigat
1239 3998 1334 4064 corda

374 4108 490 4176 vestra,
506 4095 587 4159 utin
610 4095 730 4160 bonum
745 4098 951 4165 memineritis
971 4099 1078 4165 vestri.
1125 4101 1200 4164 Hoc
1215 4103 1299 4165 enim
1313 4122 1333 4163 a

374 4197 469 4262 corde
490 4211 522 4262 et
545 4196 637 4262 labiis
659 4198 738 4262 meis
762 4201 833 4265 Deo
856 4200 1042 4288 inspectore,
1065 4214 1148 4268 teste
1169 4215 1202 4267 et
1222 4203 1333 4289 judice

374 4302 489 4368 caritas
516 4300 671 4387 expressit
700 4301 741 4367 ad
772 4302 972 4371 dulcissimos
1001 4319 1034 4370 et
1064 4305 1334 4371 reverentissimos

371 4405 498 4482 fratres,
515 4415 552 4469 ut
574 4402 649 4469 mihi
672 4402 712 4467 de
734 4417 851 4470 caetero
874 4428 979 4471 coram
1003 4410 1086 4489 Deo,
1101 4429 1198 4495 quem
1221 4419 1333 4473 testem
