3384 5525
364 777 423 835 158
630 789 766 833 Joauurs
782 786 1063 832 saunsnutuausrs
1220 770 1265 849 [A.
1284 787 1314 836 u.

362 941 505 1005 homines
531 952 563 1002 et
589 938 671 1001 forte
695 962 756 1003 non
781 942 844 1002 eris
871 937 1061 1002 excusabilis
1083 938 1171 1022 apud
1197 937 1315 1004 Deum.

363 1047 479 1128 Neque
508 1062 631 1105 necesse
660 1053 707 1105 est
733 1041 960 1105 beneficiorum
990 1064 1065 1126 quae
1092 1040 1151 1105 tibi
1182 1042 1317 1106 contulit

363 1157 454 1230 pater
479 1143 549 1229 ejus
572 1164 656 1206 nunc
682 1143 847 1207 historiam
875 1156 1000 1207 texere:
1036 1145 1115 1228 quia
1145 1142 1223 1205 dum
1252 1142 1317 1205 sani

363 1247 475 1333 capitis
504 1245 614 1326 fueris,
637 1267 813 1330 numquam
844 1245 993 1310 excident
1024 1268 1043 1309 a
1069 1248 1223 1309 memoria
1252 1257 1317 1309 tua.

365 1348 571 1432 Chirurgicos
586 1346 715 1432 quidem
732 1347 878 1410 duriores
893 1361 925 1412 et
940 1347 1130 1411 inhumanos
1145 1349 1317 1411 audieram.

365 1452 427 1516 Sed
446 1451 532 1515 aliud
554 1449 746 1514 medicorum
768 1472 871 1536 genus
892 1464 1073 1515 mansuetos
1093 1464 1125 1515 et
1148 1450 1242 1515 mites
1261 1450 1319 1513 hu-

364 1551 508 1617 manitati
522 1574 649 1636 operam
667 1551 760 1614 dare:
787 1574 848 1614 non
869 1552 1061 1616 humanitati
1079 1551 1153 1616 dico
1169 1573 1318 1633 generan-

364 1655 479 1719 dorum
488 1651 655 1716 carnaliter
666 1651 845 1717 hominum:
864 1653 917 1716 sed
929 1676 994 1738 qua
1005 1650 1130 1717 mollius
1142 1664 1319 1716 tractantur

365 1756 453 1841 aegri,
468 1756 526 1841 qui
548 1755 787 1839 compatiuntur
810 1755 953 1834 infirmis,
973 1777 1039 1840 qua
1061 1766 1250 1819 consuetum
1274 1764 1319 1814 est

365 1858 507 1922 homines
520 1856 740 1941 indigentibus
753 1857 934 1921 subvenire.
980 1854 1168 1941 Philosophi
1184 1876 1319 1938 namque

365 1960 525 2024 diffiniunt
542 1958 772 2022 humanitatem
788 1981 855 2022 esse
872 1960 1022 2023 virtutem
1039 1981 1114 2044 quae
1130 1954 1271 2020 consistit
1286 1955 1317 2017 in

365 2060 574 2126 miserationis
594 2060 722 2138 affectu,
738 2081 834 2145 quam
858 2082 926 2145 prae
948 2058 1069 2123 caeteris
1086 2057 1272 2132 virtutibus,
1287 2068 1317 2119 et

365 2187 433 2251 prae
458 2164 581 2228 caeteris
607 2163 795 2228 animalibus
821 2164 917 2226 homo
946 2186 964 2226 a
994 2162 1193 2247 parentibus,
1218 2158 1320 2244 gratia

366 2266 513 2331 videlicet
529 2280 559 2330 et
576 2278 690 2330 natura
705 2266 812 2329 dotem
828 2266 960 2351 accepit.
998 2264 1084 2327 Mihi
1099 2264 1125 2327 si
1141 2263 1222 2349 quid
1238 2263 1319 2327 forte

366 2381 518 2455 peterem,
545 2381 577 2433 et
602 2371 628 2432 si
658 2391 809 2452 magnum
839 2382 933 2446 esset,
958 2368 1055 2432 credo
1080 2367 1218 2430 daturus
1242 2387 1319 2429 eras.

366 2470 455 2535 Huic
478 2494 553 2555 ergo
582 2494 691 2556 quaeso
717 2471 813 2535 facias
840 2472 926 2535 unde
952 2471 1011 2536 tibi
1040 2483 1072 2534 et
1102 2469 1182 2533 mihi
1206 2468 1319 2532 debeat

365 2572 539 2658 gratulari:
565 2585 595 2636 et
611 2596 670 2657 ego
686 2574 762 2637 mihi
784 2574 992 2660 personaliter
1012 2574 1193 2659 impensum
1209 2571 1316 2637 multi-

366 2672 491 2759 pliciter
514 2673 573 2737 tibi
600 2673 640 2735 ad
670 2676 806 2758 gratiano
837 2675 1004 2760 reputabo.
1061 2677 1130 2739 Nec
1160 2687 1193 2738 te
1223 2674 1318 2738 tantis

367 2775 515 2861 precibus
535 2797 712 2854 onerarem,
735 2777 795 2840 nisi
818 2800 858 2840 ex
881 2789 955 2841 ante
977 2776 1052 2840 visis
1073 2775 1265 2840 confiderem
1289 2788 1319 2840 te

366 2899 494 2961 operam
525 2887 614 2941 tuam
644 2889 675 2940 et
706 2876 881 2963 impensam
910 2877 1031 2943 utiliter
1061 2876 1224 2943 collocare.
1279 2877 1319 2940 Ei

367 2980 475 3066 aliqua
489 2981 530 3045 de
552 2979 704 3044 mandato
726 3003 796 3044 meo
818 2982 958 3065 gerenda
981 2993 1055 3045 sunt
1076 3003 1150 3067 quae
1165 2979 1224 3044 tibi
1239 3002 1321 3042 com-

368 3081 551 3146 municabit.
600 3082 639 3144 ln
661 3081 779 3167 quibus
799 3105 911 3166 precor
928 3083 1005 3167 (quo
1019 3081 1097 3144 liant
1113 3077 1319 3157 commodius)

366 3203 438 3244 eum
462 3182 595 3267 adjuves
617 3183 821 3268 exequendis.
868 3185 925 3258 Et,
943 3184 969 3246 si
992 3202 1156 3268 personam
1181 3192 1269 3245 tuam
1291 3178 1319 3241 in

367 3279 476 3365 aliquo
500 3283 618 3346 videris
648 3284 865 3361 necessariam,
896 3296 1057 3369 quatenus
1088 3294 1195 3347 tutum
1225 3280 1320 3346 fuerit

367 3379 476 3444 adesto
492 3383 637 3465 negotiis.
684 3385 805 3449 Valete.

395 3684 616 3748 EPISTOLA
642 3687 876 3751 conve-in
890 3705 1084 3749 waurunun
1100 3703 1295 3748 norruusnu

618 3806 814 3850 EPtsCOPUM.
850 3787 1066 3868 [n.u.1168.]

563 3945 652 4006 Idem
671 3946 802 4008 Gallero
818 3947 955 4028 Rofenn'
970 3947 1122 4027 episcopo.

411 4075 560 4151 Quaura
572 4074 635 4138 fide
650 4087 682 4139 et
698 4077 866 4142 devotione
882 4078 1010 4147 domino
1026 4100 1098 4142 meo
1113 4078 1206 4143 fratri
1220 4090 1319 4142 vestro

366 4198 469 4262 usque
488 4173 519 4238 iu
535 4176 628 4239 finem
651 4190 682 4242 et
701 4192 773 4264 post
795 4181 888 4243 finem
906 4181 1009 4245 carnis
1030 4180 1205 4257 servierim,
1221 4195 1252 4244 et
1268 4201 1319 4242 vos

366 4282 391 4343 si
403 4278 533 4363 dignum
551 4278 669 4342 ducitis
682 4282 814 4366 potestis
826 4282 1016 4358 meminisse,
1032 4294 1064 4346 et
1077 4283 1199 4345 mundo
1211 4295 1317 4346 notum

365 4394 430 4447 est:
457 4380 598 4466 mihique
613 4381 652 4444 de
671 4382 890 4448 benedictione
911 4407 1004 4468 quam
1029 4408 1212 4449 recessurus
1233 4382 1318 4468 quasi
