<?xml version="1.0" encoding="UTF-8"?>
<!DOCTYPE html PUBLIC "-//W3C//DTD XHTML 1.0 Transitional//EN"
    "http://www.w3.org/TR/xhtml1/DTD/xhtml1-transitional.dtd">
<html xmlns="http://www.w3.org/1999/xhtml" xml:lang="en" lang="en">
 <head>
  <title>
</title>
<meta http-equiv="Content-Type" content="text/html;charset=utf-8" />
  <meta name='ocr-system' content='tesseract 3.04.00' />
  <meta name='ocr-capabilities' content='ocr_page ocr_carea ocr_par ocr_line ocrx_word'/>
</head>
<body>
  <div class='ocr_page' id='page_1' title='image "./joannissaresber05johngoog_0140.png"; bbox 0 0 3384 5525; ppageno 0'>
   <div class='ocr_carea' id='block_1_1' title="bbox 482 746 1433 820">
    <p class='ocr_par' dir='ltr' id='par_1_1' title="bbox 482 746 1433 820">
     <span class='ocr_line' id='line_1_1' title="bbox 482 746 1433 820; baseline -0.005 -9"><span class='ocrx_word' id='word_1_1' title='bbox 482 752 543 811; x_wconf 72' lang='lat'><strong>122</strong></span> <span class='ocrx_word' id='word_1_2' title='bbox 738 762 874 807; x_wconf 75' lang='lat' dir='ltr'><strong>ioannis</strong></span> <span class='ocrx_word' id='word_1_3' title='bbox 891 761 1167 808; x_wconf 74' lang='lat' dir='ltr'><strong>sunusnnntnnsrs</strong></span> <span class='ocrx_word' id='word_1_4' title='bbox 1339 746 1386 820; x_wconf 79' lang='lat' dir='ltr'><strong>[A.</strong></span> <span class='ocrx_word' id='word_1_5' title='bbox 1404 763 1433 806; x_wconf 90' lang='lat' dir='ltr'><strong>n.</strong></span> 
     </span>
    </p>
   </div>
   <div class='ocr_carea' id='block_1_2' title="bbox 474 915 1435 4454">
    <p class='ocr_par' dir='ltr' id='par_1_2' title="bbox 474 915 1435 4454">
     <span class='ocr_line' id='line_1_2' title="bbox 477 915 1432 1000; baseline -0.002 -19"><span class='ocrx_word' id='word_1_6' title='bbox 477 920 573 983; x_wconf 90' lang='lat' dir='ltr'><strong>lictus</strong></span> <span class='ocrx_word' id='word_1_7' title='bbox 599 916 669 981; x_wconf 82' lang='lat' dir='ltr'><strong>est?</strong></span> <span class='ocrx_word' id='word_1_8' title='bbox 704 918 805 997; x_wconf 86' lang='lat' dir='ltr'><strong>fingat</strong></span> <span class='ocrx_word' id='word_1_9' title='bbox 831 917 888 1000; x_wconf 91' lang='lat' dir='ltr'><strong>qui</strong></span> <span class='ocrx_word' id='word_1_10' title='bbox 913 916 1063 978; x_wconf 86' lang='lat' dir='ltr'><strong>voluerit:</strong></span> <span class='ocrx_word' id='word_1_11' title='bbox 1100 916 1177 998; x_wconf 88' lang='lat' dir='ltr'><strong>quin</strong></span> <span class='ocrx_word' id='word_1_12' title='bbox 1206 915 1344 978; x_wconf 80' lang='lat' dir='ltr'><strong>inveniri</strong></span> <span class='ocrx_word' id='word_1_13' title='bbox 1369 938 1432 979; x_wconf 91' lang='lat' dir='ltr'><strong>non</strong></span> 
     </span>
     <span class='ocr_line' id='line_1_3' title="bbox 477 1017 1431 1105; baseline -0.003 -21"><span class='ocrx_word' id='word_1_14' title='bbox 477 1031 583 1105; x_wconf 89' lang='lat' dir='ltr'><strong>potest</strong></span> <span class='ocrx_word' id='word_1_15' title='bbox 605 1020 637 1081; x_wconf 93' lang='lat' dir='ltr'><strong>in</strong></span> <span class='ocrx_word' id='word_1_16' title='bbox 661 1032 728 1083; x_wconf 90' lang='lat' dir='ltr'><strong>tota</strong></span> <span class='ocrx_word' id='word_1_17' title='bbox 750 1019 830 1083; x_wconf 87' lang='lat' dir='ltr'><strong>serie</strong></span> <span class='ocrx_word' id='word_1_18' title='bbox 855 1040 1013 1082; x_wconf 88' lang='lat' dir='ltr'><strong>sacrarum</strong></span> <span class='ocrx_word' id='word_1_19' title='bbox 1038 1018 1278 1102; x_wconf 89' lang='lat' dir='ltr'><strong>scripturarum,</strong></span> <span class='ocrx_word' id='word_1_20' title='bbox 1293 1017 1351 1081; x_wconf 88' lang='lat' dir='ltr'><strong>sed</strong></span> <span class='ocrx_word' id='word_1_21' title='bbox 1374 1040 1431 1081; x_wconf 92' lang='lat' dir='ltr'><strong>nec</strong></span> 
     </span>
     <span class='ocr_line' id='line_1_4' title="bbox 478 1121 1432 1207; baseline -0.002 -22"><span class='ocrx_word' id='word_1_22' title='bbox 478 1124 627 1207; x_wconf 86' lang='lat' dir='ltr'><strong>antiquus</strong></span> <span class='ocrx_word' id='word_1_23' title='bbox 639 1122 761 1185; x_wconf 87' lang='lat' dir='ltr'><strong>dierum</strong></span> <span class='ocrx_word' id='word_1_24' title='bbox 777 1123 918 1185; x_wconf 88' lang='lat' dir='ltr'><strong>mendax</strong></span> <span class='ocrx_word' id='word_1_25' title='bbox 930 1123 1118 1193; x_wconf 76' lang='lat' dir='ltr'><strong>invenietur,</strong></span> <span class='ocrx_word' id='word_1_26' title='bbox 1128 1121 1181 1204; x_wconf 94' lang='lat' dir='ltr'><strong>qui</strong></span> <span class='ocrx_word' id='word_1_27' title='bbox 1192 1141 1227 1183; x_wconf 90' lang='lat' dir='ltr'><strong>se</strong></span> <span class='ocrx_word' id='word_1_28' title='bbox 1239 1121 1432 1184; x_wconf 87' lang='lat' dir='ltr'><strong>voluntatem</strong></span> 
     </span>
     <span class='ocr_line' id='line_1_5' title="bbox 479 1222 1433 1309; baseline -0.004 -21"><span class='ocrx_word' id='word_1_29' title='bbox 479 1226 656 1288; x_wconf 74' lang='lat' dir='ltr'><strong>timentium</strong></span> <span class='ocrx_word' id='word_1_30' title='bbox 679 1248 713 1289; x_wconf 87' lang='lat' dir='ltr'><strong>se</strong></span> <span class='ocrx_word' id='word_1_31' title='bbox 735 1225 880 1309; x_wconf 83' lang='lat' dir='ltr'><strong>promisit</strong></span> <span class='ocrx_word' id='word_1_32' title='bbox 900 1246 969 1287; x_wconf 88' lang='lat' dir='ltr'><strong>csse</strong></span> <span class='ocrx_word' id='word_1_33' title='bbox 988 1223 1156 1287; x_wconf 84' lang='lat' dir='ltr'><strong>facturum.</strong></span> <span class='ocrx_word' id='word_1_34' title='bbox 1202 1222 1338 1285; x_wconf 89' lang='lat' dir='ltr'><strong>Arrbam</strong></span> <span class='ocrx_word' id='word_1_35' title='bbox 1361 1243 1433 1305; x_wconf 89' lang='lat' dir='ltr'><strong>pro·</strong></span> 
     </span>
     <span class='ocr_line' id='line_1_6' title="bbox 479 1324 1434 1410; baseline -0.002 -20"><span class='ocrx_word' id='word_1_36' title='bbox 479 1325 641 1391; x_wconf 86' lang='lat' dir='ltr'><strong>missionis</strong></span> <span class='ocrx_word' id='word_1_37' title='bbox 656 1328 752 1410; x_wconf 92' lang='lat' dir='ltr'><strong>hujus</strong></span> <span class='ocrx_word' id='word_1_38' title='bbox 767 1328 963 1410; x_wconf 86' lang='lat' dir='ltr'><strong>accepimus,</strong></span> <span class='ocrx_word' id='word_1_39' title='bbox 972 1325 1038 1410; x_wconf 87' lang='lat' dir='ltr'><strong>jam</strong></span> <span class='ocrx_word' id='word_1_40' title='bbox 1055 1324 1239 1408; x_wconf 85' lang='lat' dir='ltr'><strong>pollicentis</strong></span> <span class='ocrx_word' id='word_1_41' title='bbox 1253 1325 1434 1406; x_wconf 81' lang='lat' dir='ltr'><strong>experimur</strong></span> 
     </span>
     <span class='ocr_line' id='line_1_7' title="bbox 479 1425 1435 1507; baseline -0.003 -16"><span class='ocrx_word' id='word_1_42' title='bbox 479 1429 586 1505; x_wconf 89' lang='lat' dir='ltr'><strong>fidem,</strong></span> <span class='ocrx_word' id='word_1_43' title='bbox 602 1440 634 1491; x_wconf 88' lang='lat' dir='ltr'><strong>et</strong></span> <span class='ocrx_word' id='word_1_44' title='bbox 648 1427 826 1491; x_wconf 76' lang='lat' dir='ltr'><strong>miserentis</strong></span> <span class='ocrx_word' id='word_1_45' title='bbox 842 1428 994 1490; x_wconf 88' lang='lat' dir='ltr'><strong>sentimus</strong></span> <span class='ocrx_word' id='word_1_46' title='bbox 1014 1428 1164 1489; x_wconf 84' lang='lat' dir='ltr'><strong>affectum</strong></span> <span class='ocrx_word' id='word_1_47' title='bbox 1180 1425 1237 1507; x_wconf 92' lang='lat' dir='ltr'><strong>qui</strong></span> <span class='ocrx_word' id='word_1_48' title='bbox 1253 1426 1435 1488; x_wconf 88' lang='lat' dir='ltr'><strong>consolatur</strong></span> 
     </span>
     <span class='ocr_line' id='line_1_8' title="bbox 478 1527 1434 1601; baseline -0.006 -6"><span class='ocrx_word' id='word_1_49' title='bbox 478 1553 538 1595; x_wconf 89' lang='lat' dir='ltr'><strong>nos</strong></span> <span class='ocrx_word' id='word_1_50' title='bbox 552 1532 585 1593; x_wconf 93' lang='lat' dir='ltr'><strong>in</strong></span> <span class='ocrx_word' id='word_1_51' title='bbox 602 1532 690 1594; x_wconf 89' lang='lat' dir='ltr'><strong>omni</strong></span> <span class='ocrx_word' id='word_1_52' title='bbox 706 1531 910 1594; x_wconf 88' lang='lat' dir='ltr'><strong>tribulatione</strong></span> <span class='ocrx_word' id='word_1_53' title='bbox 923 1538 1039 1592; x_wconf 89' lang='lat' dir='ltr'><strong>nostra.</strong></span> <span class='ocrx_word' id='word_1_54' title='bbox 1071 1529 1212 1601; x_wconf 87' lang='lat' dir='ltr'><strong>Quintus</strong></span> <span class='ocrx_word' id='word_1_55' title='bbox 1226 1548 1332 1591; x_wconf 90' lang='lat' dir='ltr'><strong>annus</strong></span> <span class='ocrx_word' id='word_1_56' title='bbox 1346 1527 1434 1591; x_wconf 85' lang='lat' dir='ltr'><strong>exilii</strong></span> 
     </span>
     <span class='ocr_line' id='line_1_9' title="bbox 479 1628 1434 1714; baseline -0.004 -20"><span class='ocrx_word' id='word_1_57' title='bbox 479 1633 542 1695; x_wconf 88' lang='lat' dir='ltr'><strong>mci</strong></span> <span class='ocrx_word' id='word_1_58' title='bbox 559 1634 722 1708; x_wconf 83' lang='lat' dir='ltr'><strong>evolvitur,</strong></span> <span class='ocrx_word' id='word_1_59' title='bbox 738 1643 771 1696; x_wconf 85' lang='lat' dir='ltr'><strong>et</strong></span> <span class='ocrx_word' id='word_1_60' title='bbox 791 1654 867 1696; x_wconf 87' lang='lat' dir='ltr'><strong>ecce</strong></span> <span class='ocrx_word' id='word_1_61' title='bbox 892 1653 990 1714; x_wconf 89' lang='lat' dir='ltr'><strong>quum</strong></span> <span class='ocrx_word' id='word_1_62' title='bbox 1007 1631 1087 1692; x_wconf 85' lang='lat' dir='ltr'><strong>milri</strong></span> <span class='ocrx_word' id='word_1_63' title='bbox 1106 1630 1187 1692; x_wconf 89' lang='lat' dir='ltr'><strong>nibil</strong></span> <span class='ocrx_word' id='word_1_64' title='bbox 1210 1640 1283 1692; x_wconf 90' lang='lat' dir='ltr'><strong>ante</strong></span> <span class='ocrx_word' id='word_1_65' title='bbox 1301 1628 1434 1693; x_wconf 85' lang='lat' dir='ltr'><strong>desuerit</strong></span> 
     </span>
     <span class='ocr_line' id='line_1_10' title="bbox 478 1730 1434 1816; baseline -0.004 -19"><span class='ocrx_word' id='word_1_66' title='bbox 478 1735 601 1811; x_wconf 91' lang='lat' dir='ltr'><strong>solacii,</strong></span> <span class='ocrx_word' id='word_1_67' title='bbox 627 1736 773 1798; x_wconf 90' lang='lat' dir='ltr'><strong>cumulus</strong></span> <span class='ocrx_word' id='word_1_68' title='bbox 798 1746 846 1797; x_wconf 90' lang='lat' dir='ltr'><strong>est</strong></span> <span class='ocrx_word' id='word_1_69' title='bbox 871 1732 958 1816; x_wconf 92' lang='lat' dir='ltr'><strong>qnod</strong></span> <span class='ocrx_word' id='word_1_70' title='bbox 983 1732 1129 1795; x_wconf 87' lang='lat' dir='ltr'><strong>ecclesiae</strong></span> <span class='ocrx_word' id='word_1_71' title='bbox 1152 1732 1285 1795; x_wconf 87' lang='lat' dir='ltr'><strong>libertas</strong></span> <span class='ocrx_word' id='word_1_72' title='bbox 1312 1730 1434 1793; x_wconf 84' lang='lat' dir='ltr'><strong>videtur</strong></span> 
     </span>
     <span class='ocr_line' id='line_1_11' title="bbox 479 1832 1433 1919; baseline -0.002 -21"><span class='ocrx_word' id='word_1_73' title='bbox 479 1848 581 1899; x_wconf 86' lang='lat' dir='ltr'><strong>astare</strong></span> <span class='ocrx_word' id='word_1_74' title='bbox 604 1858 662 1919; x_wconf 91' lang='lat' dir='ltr'><strong>pro</strong></span> <span class='ocrx_word' id='word_1_75' title='bbox 685 1837 813 1913; x_wconf 72' lang='lat' dir='ltr'><strong>loribus</strong></span> <span class='ocrx_word' id='word_1_76' title='bbox 832 1846 865 1898; x_wconf 89' lang='lat' dir='ltr'><strong>et</strong></span> <span class='ocrx_word' id='word_1_77' title='bbox 888 1857 945 1917; x_wconf 92' lang='lat' dir='ltr'><strong>pro</strong></span> <span class='ocrx_word' id='word_1_78' title='bbox 968 1847 1057 1918; x_wconf 82' lang='lat' dir='ltr'><strong>parte</strong></span> <span class='ocrx_word' id='word_1_79' title='bbox 1074 1832 1142 1917; x_wconf 90' lang='lat' dir='ltr'><strong>jam</strong></span> <span class='ocrx_word' id='word_1_80' title='bbox 1166 1832 1282 1916; x_wconf 89' lang='lat' dir='ltr'><strong>pedem</strong></span> <span class='ocrx_word' id='word_1_81' title='bbox 1307 1832 1379 1895; x_wconf 88' lang='lat' dir='ltr'><strong>fixit</strong></span> <span class='ocrx_word' id='word_1_82' title='bbox 1400 1834 1433 1896; x_wconf 90' lang='lat' dir='ltr'><strong>in</strong></span> 
     </span>
     <span class='ocr_line' id='line_1_12' title="bbox 479 1936 1433 2014; baseline 0.002 -15"><span class='ocrx_word' id='word_1_83' title='bbox 479 1939 594 2002; x_wconf 90' lang='lat' dir='ltr'><strong>insula.</strong></span> <span class='ocrx_word' id='word_1_84' title='bbox 640 1938 855 2000; x_wconf 88' lang='lat' dir='ltr'><strong>Renunciavit</strong></span> <span class='ocrx_word' id='word_1_85' title='bbox 877 1937 963 1999; x_wconf 90' lang='lat' dir='ltr'><strong>enim</strong></span> <span class='ocrx_word' id='word_1_86' title='bbox 985 1958 1055 2012; x_wconf 86' lang='lat' dir='ltr'><strong>rex,</strong></span> <span class='ocrx_word' id='word_1_87' title='bbox 1079 1936 1163 1999; x_wconf 90' lang='lat' dir='ltr'><strong>sicut</strong></span> <span class='ocrx_word' id='word_1_88' title='bbox 1183 1936 1307 2014; x_wconf 90' lang='lat' dir='ltr'><strong>nuncii,</strong></span> <span class='ocrx_word' id='word_1_89' title='bbox 1331 1938 1433 2001; x_wconf 89' lang='lat' dir='ltr'><strong>cardi·</strong></span> 
     </span>
     <span class='ocr_line' id='line_1_13' title="bbox 479 2038 1434 2121; baseline 0.003 -22"><span class='ocrx_word' id='word_1_90' title='bbox 479 2040 600 2101; x_wconf 88' lang='lat' dir='ltr'><strong>naliurn</strong></span> <span class='ocrx_word' id='word_1_91' title='bbox 623 2048 819 2111; x_wconf 88' lang='lat' dir='ltr'><strong>attestantur,</strong></span> <span class='ocrx_word' id='word_1_92' title='bbox 839 2038 1033 2121; x_wconf 88' lang='lat' dir='ltr'><strong>quibusdam</strong></span> <span class='ocrx_word' id='word_1_93' title='bbox 1056 2038 1342 2102; x_wconf 88' lang='lat' dir='ltr'><strong>consuetudinibus</strong></span> <span class='ocrx_word' id='word_1_94' title='bbox 1363 2060 1434 2121; x_wconf 88' lang='lat' dir='ltr'><strong>pes-</strong></span> 
     </span>
     <span class='ocr_line' id='line_1_14' title="bbox 480 2138 1432 2222; baseline 0.002 -21"><span class='ocrx_word' id='word_1_95' title='bbox 480 2140 580 2217; x_wconf 82' lang='lat' dir='ltr'><strong>simis,</strong></span> <span class='ocrx_word' id='word_1_96' title='bbox 602 2162 680 2222; x_wconf 88' lang='lat' dir='ltr'><strong>quas</strong></span> <span class='ocrx_word' id='word_1_97' title='bbox 702 2151 808 2203; x_wconf 87' lang='lat' dir='ltr'><strong>tamen</strong></span> <span class='ocrx_word' id='word_1_98' title='bbox 832 2153 905 2202; x_wconf 90' lang='lat' dir='ltr'><strong>ante</strong></span> <span class='ocrx_word' id='word_1_99' title='bbox 930 2149 1139 2203; x_wconf 81' lang='lat' dir='ltr'><strong>consueverat</strong></span> <span class='ocrx_word' id='word_1_100' title='bbox 1157 2138 1337 2218; x_wconf 81' lang='lat' dir='ltr'><strong>vendicare,</strong></span> <span class='ocrx_word' id='word_1_101' title='bbox 1361 2162 1432 2203; x_wconf 92' lang='lat' dir='ltr'><strong>cum</strong></span> 
     </span>
     <span class='ocr_line' id='line_1_15' title="bbox 474 2240 1433 2324; baseline 0 -21"><span class='ocrx_word' id='word_1_102' title='bbox 474 2240 658 2324; x_wconf 88' lang='lat' dir='ltr'><strong>juramento</strong></span> <span class='ocrx_word' id='word_1_103' title='bbox 686 2241 845 2304; x_wconf 88' lang='lat' dir='ltr'><strong>detestans</strong></span> <span class='ocrx_word' id='word_1_104' title='bbox 870 2242 941 2304; x_wconf 85' lang='lat' dir='ltr'><strong>illas</strong></span> <span class='ocrx_word' id='word_1_105' title='bbox 964 2255 996 2305; x_wconf 93' lang='lat' dir='ltr'><strong>et</strong></span> <span class='ocrx_word' id='word_1_106' title='bbox 1017 2253 1163 2304; x_wconf 86' lang='lat' dir='ltr'><strong>auctores</strong></span> <span class='ocrx_word' id='word_1_107' title='bbox 1186 2262 1304 2304; x_wconf 89' lang='lat' dir='ltr'><strong>earum.</strong></span> <span class='ocrx_word' id='word_1_108' title='bbox 1350 2241 1433 2304; x_wconf 90' lang='lat' dir='ltr'><strong>Con·</strong></span> 
     </span>
     <span class='ocr_line' id='line_1_16' title="bbox 480 2345 1431 2429; baseline -0.001 -21"><span class='ocrx_word' id='word_1_109' title='bbox 480 2346 575 2408; x_wconf 88' lang='lat' dir='ltr'><strong>sentit</strong></span> <span class='ocrx_word' id='word_1_110' title='bbox 589 2354 625 2408; x_wconf 90' lang='lat' dir='ltr'><strong>ut</strong></span> <span class='ocrx_word' id='word_1_111' title='bbox 638 2346 772 2408; x_wconf 89' lang='lat' dir='ltr'><strong>liberum</strong></span> <span class='ocrx_word' id='word_1_112' title='bbox 789 2346 830 2408; x_wconf 90' lang='lat' dir='ltr'><strong>sit</strong></span> <span class='ocrx_word' id='word_1_113' title='bbox 845 2345 887 2409; x_wconf 93' lang='lat' dir='ltr'><strong>ad</strong></span> <span class='ocrx_word' id='word_1_114' title='bbox 903 2346 1011 2409; x_wconf 89' lang='lat' dir='ltr'><strong>sedem</strong></span> <span class='ocrx_word' id='word_1_115' title='bbox 1027 2345 1238 2429; x_wconf 90' lang='lat' dir='ltr'><strong>apostolicam</strong></span> <span class='ocrx_word' id='word_1_116' title='bbox 1254 2347 1431 2429; x_wconf 84' lang='lat' dir='ltr'><strong>appellare:</strong></span> 
     </span>
     <span class='ocr_line' id='line_1_17' title="bbox 479 2447 1430 2532; baseline -0.001 -21"><span class='ocrx_word' id='word_1_117' title='bbox 479 2458 516 2511; x_wconf 85' lang='lat' dir='ltr'><strong>ut</strong></span> <span class='ocrx_word' id='word_1_118' title='bbox 531 2447 639 2511; x_wconf 86' lang='lat' dir='ltr'><strong>clerici</strong></span> <span class='ocrx_word' id='word_1_119' title='bbox 654 2447 695 2510; x_wconf 90' lang='lat' dir='ltr'><strong>ad</strong></span> <span class='ocrx_word' id='word_1_120' title='bbox 711 2450 866 2512; x_wconf 86' lang='lat' dir='ltr'><strong>secularia</strong></span> <span class='ocrx_word' id='word_1_121' title='bbox 875 2448 1003 2532; x_wconf 89' lang='lat' dir='ltr'><strong>judicia</strong></span> <span class='ocrx_word' id='word_1_122' title='bbox 1017 2470 1083 2511; x_wconf 92' lang='lat' dir='ltr'><strong>non</strong></span> <span class='ocrx_word' id='word_1_123' title='bbox 1099 2448 1275 2511; x_wconf 88' lang='lat' dir='ltr'><strong>trahantur:</strong></span> <span class='ocrx_word' id='word_1_124' title='bbox 1300 2462 1332 2511; x_wconf 89' lang='lat' dir='ltr'><strong>et</strong></span> <span class='ocrx_word' id='word_1_125' title='bbox 1348 2470 1430 2532; x_wconf 88' lang='lat' dir='ltr'><strong>quae-</strong></span> 
     </span>
     <span class='ocr_line' id='line_1_18' title="bbox 479 2547 1432 2634; baseline 0.001 -22"><span class='ocrx_word' id='word_1_126' title='bbox 479 2547 554 2613; x_wconf 89' lang='lat' dir='ltr'><strong>dam</strong></span> <span class='ocrx_word' id='word_1_127' title='bbox 570 2551 641 2627; x_wconf 87' lang='lat' dir='ltr'><strong>alia,</strong></span> <span class='ocrx_word' id='word_1_128' title='bbox 657 2572 730 2634; x_wconf 90' lang='lat' dir='ltr'><strong>quae</strong></span> <span class='ocrx_word' id='word_1_129' title='bbox 751 2552 798 2613; x_wconf 90' lang='lat' dir='ltr'><strong>sic</strong></span> <span class='ocrx_word' id='word_1_130' title='bbox 816 2551 937 2614; x_wconf 88' lang='lat' dir='ltr'><strong>utinam</strong></span> <span class='ocrx_word' id='word_1_131' title='bbox 958 2552 1106 2633; x_wconf 88' lang='lat' dir='ltr'><strong>probaret</strong></span> <span class='ocrx_word' id='word_1_132' title='bbox 1120 2549 1215 2626; x_wconf 84' lang='lat' dir='ltr'><strong>facto,</strong></span> <span class='ocrx_word' id='word_1_133' title='bbox 1230 2549 1314 2613; x_wconf 89' lang='lat' dir='ltr'><strong>sicut</strong></span> <span class='ocrx_word' id='word_1_134' title='bbox 1329 2550 1432 2613; x_wconf 89' lang='lat' dir='ltr'><strong>firmat</strong></span> 
     </span>
     <span class='ocr_line' id='line_1_19' title="bbox 480 2650 1432 2735; baseline -0.001 -21"><span class='ocrx_word' id='word_1_135' title='bbox 480 2652 618 2735; x_wconf 88' lang='lat' dir='ltr'><strong>eloquio.</strong></span> <span class='ocrx_word' id='word_1_136' title='bbox 647 2652 835 2717; x_wconf 76' lang='lat' dir='ltr'><strong>cardinales</strong></span> <span class='ocrx_word' id='word_1_137' title='bbox 848 2654 968 2715; x_wconf 87' lang='lat' dir='ltr'><strong>nullam</strong></span> <span class='ocrx_word' id='word_1_138' title='bbox 979 2650 1432 2735; x_wconf 88' lang='lat' dir='ltr'><strong>habentinarchiepiscopum</strong></span> 
     </span>
     <span class='ocr_line' id='line_1_20' title="bbox 480 2752 1433 2838; baseline 0.001 -22"><span class='ocrx_word' id='word_1_139' title='bbox 480 2764 686 2835; x_wconf 85' lang='lat' dir='ltr'><strong>potestatem:</strong></span> <span class='ocrx_word' id='word_1_140' title='bbox 726 2767 758 2818; x_wconf 88' lang='lat' dir='ltr'><strong>et</strong></span> <span class='ocrx_word' id='word_1_141' title='bbox 781 2753 866 2838; x_wconf 89' lang='lat' dir='ltr'><strong>jussi</strong></span> <span class='ocrx_word' id='word_1_142' title='bbox 896 2765 971 2818; x_wconf 89' lang='lat' dir='ltr'><strong>sunt</strong></span> <span class='ocrx_word' id='word_1_143' title='bbox 1000 2752 1115 2818; x_wconf 89' lang='lat' dir='ltr'><strong>litteris</strong></span> <span class='ocrx_word' id='word_1_144' title='bbox 1139 2752 1325 2836; x_wconf 89' lang='lat' dir='ltr'><strong>apostolicis</strong></span> <span class='ocrx_word' id='word_1_145' title='bbox 1355 2775 1433 2838; x_wconf 88' lang='lat' dir='ltr'><strong>quas</strong></span> 
     </span>
     <span class='ocr_line' id='line_1_21' title="bbox 481 2855 1433 2940; baseline 0.002 -24"><span class='ocrx_word' id='word_1_146' title='bbox 481 2875 584 2937; x_wconf 89' lang='lat' dir='ltr'><strong>nuper</strong></span> <span class='ocrx_word' id='word_1_147' title='bbox 598 2867 798 2938; x_wconf 82' lang='lat' dir='ltr'><strong>receperunt,</strong></span> <span class='ocrx_word' id='word_1_148' title='bbox 812 2857 964 2936; x_wconf 85' lang='lat' dir='ltr'><strong>Angliam</strong></span> <span class='ocrx_word' id='word_1_149' title='bbox 987 2879 1051 2919; x_wconf 92' lang='lat' dir='ltr'><strong>non</strong></span> <span class='ocrx_word' id='word_1_150' title='bbox 1074 2856 1189 2918; x_wconf 88' lang='lat' dir='ltr'><strong>intrare</strong></span> <span class='ocrx_word' id='word_1_151' title='bbox 1211 2877 1316 2940; x_wconf 89' lang='lat' dir='ltr'><strong>neque</strong></span> <span class='ocrx_word' id='word_1_152' title='bbox 1337 2855 1433 2919; x_wconf 90' lang='lat' dir='ltr'><strong>intro·</strong></span> 
     </span>
     <span class='ocr_line' id='line_1_22' title="bbox 481 2955 1431 3041; baseline 0.001 -25"><span class='ocrx_word' id='word_1_153' title='bbox 481 2955 604 3019; x_wconf 84' lang='lat' dir='ltr'><strong>mittere</strong></span> <span class='ocrx_word' id='word_1_154' title='bbox 620 2980 653 3019; x_wconf 92' lang='lat' dir='ltr'><strong>se</strong></span> <span class='ocrx_word' id='word_1_155' title='bbox 669 2957 708 3020; x_wconf 92' lang='lat' dir='ltr'><strong>de</strong></span> <span class='ocrx_word' id='word_1_156' title='bbox 725 2958 1023 3021; x_wconf 87' lang='lat' dir='ltr'><strong>consecrationibus</strong></span> <span class='ocrx_word' id='word_1_157' title='bbox 1044 2957 1280 3041; x_wconf 86' lang='lat' dir='ltr'><strong>cpiscoporum,</strong></span> <span class='ocrx_word' id='word_1_158' title='bbox 1298 2957 1347 3019; x_wconf 83' lang='lat' dir='ltr'><strong>rel</strong></span> <span class='ocrx_word' id='word_1_159' title='bbox 1363 2956 1431 3018; x_wconf 89' lang='lat' dir='ltr'><strong>aliis</strong></span> 
     </span>
     <span class='ocr_line' id='line_1_23' title="bbox 480 3058 1431 3143; baseline 0.001 -25"><span class='ocrx_word' id='word_1_160' title='bbox 480 3058 569 3138; x_wconf 86' lang='lat' dir='ltr'><strong>regni</strong></span> <span class='ocrx_word' id='word_1_161' title='bbox 586 3058 738 3138; x_wconf 84' lang='lat' dir='ltr'><strong>negotiis:</strong></span> <span class='ocrx_word' id='word_1_162' title='bbox 764 3060 825 3123; x_wconf 89' lang='lat' dir='ltr'><strong>nisi</strong></span> <span class='ocrx_word' id='word_1_163' title='bbox 842 3060 930 3143; x_wconf 92' lang='lat' dir='ltr'><strong>prius</strong></span> <span class='ocrx_word' id='word_1_164' title='bbox 946 3058 1168 3122; x_wconf 88' lang='lat' dir='ltr'><strong>Cantuariensi</strong></span> <span class='ocrx_word' id='word_1_165' title='bbox 1188 3058 1431 3141; x_wconf 87' lang='lat' dir='ltr'><strong>archiepiscopo</strong></span> 
     </span>
     <span class='ocr_line' id='line_1_24' title="bbox 481 3159 1431 3243; baseline 0.003 -25"><span class='ocrx_word' id='word_1_166' title='bbox 481 3179 547 3238; x_wconf 85' lang='lat' dir='ltr'><strong>pax</strong></span> <span class='ocrx_word' id='word_1_167' title='bbox 563 3160 747 3241; x_wconf 90' lang='lat' dir='ltr'><strong>plenissima</strong></span> <span class='ocrx_word' id='word_1_168' title='bbox 767 3162 861 3223; x_wconf 84' lang='lat' dir='ltr'><strong>suerit</strong></span> <span class='ocrx_word' id='word_1_169' title='bbox 885 3160 1059 3223; x_wconf 79' lang='lat' dir='ltr'><strong>reformata.</strong></span> <span class='ocrx_word' id='word_1_170' title='bbox 1105 3159 1186 3222; x_wconf 88' lang='lat' dir='ltr'><strong>Aliis</strong></span> <span class='ocrx_word' id='word_1_171' title='bbox 1209 3181 1338 3243; x_wconf 89' lang='lat' dir='ltr'><strong>quoque</strong></span> <span class='ocrx_word' id='word_1_172' title='bbox 1355 3180 1431 3242; x_wconf 82' lang='lat' dir='ltr'><strong>prae·</strong></span> 
     </span>
     <span class='ocr_line' id='line_1_25' title="bbox 482 3259 1431 3342; baseline 0.005 -26"><span class='ocrx_word' id='word_1_173' title='bbox 482 3267 612 3337; x_wconf 88' lang='lat' dir='ltr'><strong>ceptum</strong></span> <span class='ocrx_word' id='word_1_174' title='bbox 638 3268 687 3319; x_wconf 89' lang='lat' dir='ltr'><strong>est</strong></span> <span class='ocrx_word' id='word_1_175' title='bbox 712 3260 768 3333; x_wconf 90' lang='lat' dir='ltr'><strong>eis,</strong></span> <span class='ocrx_word' id='word_1_176' title='bbox 796 3272 830 3322; x_wconf 93' lang='lat' dir='ltr'><strong>ut</strong></span> <span class='ocrx_word' id='word_1_177' title='bbox 856 3259 943 3322; x_wconf 90' lang='lat' dir='ltr'><strong>omni</strong></span> <span class='ocrx_word' id='word_1_178' title='bbox 972 3259 1186 3342; x_wconf 83' lang='lat' dir='ltr'><strong>appellatione</strong></span> <span class='ocrx_word' id='word_1_179' title='bbox 1216 3270 1362 3322; x_wconf 87' lang='lat' dir='ltr'><strong>cessante</strong></span> <span class='ocrx_word' id='word_1_180' title='bbox 1385 3280 1431 3321; x_wconf 90' lang='lat' dir='ltr'><strong>re·</strong></span> 
     </span>
     <span class='ocr_line' id='line_1_26' title="bbox 482 3356 1433 3434; baseline 0.005 -19"><span class='ocrx_word' id='word_1_181' title='bbox 482 3366 605 3434; x_wconf 89' lang='lat' dir='ltr'><strong>ponant</strong></span> <span class='ocrx_word' id='word_1_182' title='bbox 634 3356 667 3417; x_wconf 91' lang='lat' dir='ltr'><strong>in</strong></span> <span class='ocrx_word' id='word_1_183' title='bbox 693 3359 884 3422; x_wconf 87' lang='lat' dir='ltr'><strong>anteriorem</strong></span> <span class='ocrx_word' id='word_1_184' title='bbox 915 3360 1105 3423; x_wconf 86' lang='lat' dir='ltr'><strong>sententiam</strong></span> <span class='ocrx_word' id='word_1_185' title='bbox 1136 3360 1433 3423; x_wconf 83' lang='lat' dir='ltr'><strong>excommunicatos</strong></span> 
     </span>
     <span class='ocr_line' id='line_1_27' title="bbox 482 3456 1434 3546; baseline 0.007 -29"><span class='ocrx_word' id='word_1_186' title='bbox 482 3456 605 3520; x_wconf 89' lang='lat' dir='ltr'><strong>domini</strong></span> <span class='ocrx_word' id='word_1_187' title='bbox 629 3457 878 3538; x_wconf 73' lang='lat' dir='ltr'><strong>cantuariensis,</strong></span> <span class='ocrx_word' id='word_1_188' title='bbox 906 3462 960 3546; x_wconf 91' lang='lat' dir='ltr'><strong>qui</strong></span> <span class='ocrx_word' id='word_1_189' title='bbox 987 3460 1178 3524; x_wconf 88' lang='lat' dir='ltr'><strong>videbantur</strong></span> <span class='ocrx_word' id='word_1_190' title='bbox 1200 3462 1352 3539; x_wconf 89' lang='lat' dir='ltr'><strong>absoluti,</strong></span> <span class='ocrx_word' id='word_1_191' title='bbox 1374 3462 1434 3525; x_wconf 91' lang='lat' dir='ltr'><strong>nisi</strong></span> 
     </span>
     <span class='ocr_line' id='line_1_28' title="bbox 483 3557 1434 3636; baseline 0.006 -16"><span class='ocrx_word' id='word_1_192' title='bbox 483 3557 680 3622; x_wconf 88' lang='lat' dir='ltr'><strong>satisfaciant</strong></span> <span class='ocrx_word' id='word_1_193' title='bbox 694 3561 917 3636; x_wconf 86' lang='lat' dir='ltr'><strong>incontinenti,</strong></span> <span class='ocrx_word' id='word_1_194' title='bbox 931 3562 1131 3626; x_wconf 86' lang='lat' dir='ltr'><strong>restituentes</strong></span> <span class='ocrx_word' id='word_1_195' title='bbox 1145 3562 1192 3625; x_wconf 93' lang='lat' dir='ltr'><strong>illi</strong></span> <span class='ocrx_word' id='word_1_196' title='bbox 1208 3574 1240 3625; x_wconf 90' lang='lat' dir='ltr'><strong>et</strong></span> <span class='ocrx_word' id='word_1_197' title='bbox 1255 3563 1321 3626; x_wconf 89' lang='lat' dir='ltr'><strong>suis</strong></span> <span class='ocrx_word' id='word_1_198' title='bbox 1335 3564 1434 3627; x_wconf 87' lang='lat' dir='ltr'><strong>eccle·</strong></span> 
     </span>
     <span class='ocr_line' id='line_1_29' title="bbox 483 3657 1433 3745; baseline 0.003 -25"><span class='ocrx_word' id='word_1_199' title='bbox 483 3657 601 3720; x_wconf 88' lang='lat' dir='ltr'><strong>siarum</strong></span> <span class='ocrx_word' id='word_1_200' title='bbox 616 3660 834 3741; x_wconf 86' lang='lat' dir='ltr'><strong>possessiones</strong></span> <span class='ocrx_word' id='word_1_201' title='bbox 850 3671 882 3724; x_wconf 90' lang='lat' dir='ltr'><strong>et</strong></span> <span class='ocrx_word' id='word_1_202' title='bbox 897 3662 1005 3724; x_wconf 87' lang='lat' dir='ltr'><strong>omnia</strong></span> <span class='ocrx_word' id='word_1_203' title='bbox 1025 3682 1096 3745; x_wconf 82' lang='lat' dir='ltr'><strong>quae</strong></span> <span class='ocrx_word' id='word_1_204' title='bbox 1115 3660 1193 3725; x_wconf 89' lang='lat' dir='ltr'><strong>inde</strong></span> <span class='ocrx_word' id='word_1_205' title='bbox 1212 3671 1433 3745; x_wconf 87' lang='lat' dir='ltr'><strong>percepenmt.</strong></span> 
     </span>
     <span class='ocr_line' id='line_1_30' title="bbox 483 3757 1434 3845; baseline 0.003 -23"><span class='ocrx_word' id='word_1_206' title='bbox 483 3757 718 3824; x_wconf 91' lang='lat' dir='ltr'><strong>Londoniensis</strong></span> <span class='ocrx_word' id='word_1_207' title='bbox 733 3763 906 3845; x_wconf 88' lang='lat' dir='ltr'><strong>episcopus</strong></span> <span class='ocrx_word' id='word_1_208' title='bbox 927 3761 1144 3826; x_wconf 86' lang='lat' dir='ltr'><strong>cardinalibus</strong></span> <span class='ocrx_word' id='word_1_209' title='bbox 1160 3762 1374 3828; x_wconf 85' lang='lat' dir='ltr'><strong>denunciatus</strong></span> <span class='ocrx_word' id='word_1_210' title='bbox 1388 3772 1434 3828; x_wconf 88' lang='lat' dir='ltr'><strong>est</strong></span> 
     </span>
     <span class='ocr_line' id='line_1_31' title="bbox 482 3863 1433 3949; baseline 0.006 -27"><span class='ocrx_word' id='word_1_211' title='bbox 482 3863 780 3926; x_wconf 85' lang='lat' dir='ltr'><strong>excommunicatus</strong></span> <span class='ocrx_word' id='word_1_212' title='bbox 807 3873 840 3927; x_wconf 92' lang='lat' dir='ltr'><strong>et</strong></span> <span class='ocrx_word' id='word_1_213' title='bbox 867 3864 997 3926; x_wconf 88' lang='lat' dir='ltr'><strong>domino</strong></span> <span class='ocrx_word' id='word_1_214' title='bbox 1025 3886 1129 3948; x_wconf 86' lang='lat' dir='ltr'><strong>papae,</strong></span> <span class='ocrx_word' id='word_1_215' title='bbox 1153 3887 1195 3928; x_wconf 84' lang='lat' dir='ltr'><strong>ox</strong></span> <span class='ocrx_word' id='word_1_216' title='bbox 1222 3866 1330 3928; x_wconf 87' lang='lat' dir='ltr'><strong>causis</strong></span> <span class='ocrx_word' id='word_1_217' title='bbox 1357 3885 1433 3949; x_wconf 82' lang='lat' dir='ltr'><strong>quas</strong></span> 
     </span>
     <span class='ocr_line' id='line_1_32' title="bbox 482 3964 1435 4048; baseline 0.003 -24"><span class='ocrx_word' id='word_1_218' title='bbox 482 3983 663 4045; x_wconf 90' lang='lat' dir='ltr'><strong>percurrere</strong></span> <span class='ocrx_word' id='word_1_219' title='bbox 680 3965 812 4045; x_wconf 87' lang='lat' dir='ltr'><strong>longum</strong></span> <span class='ocrx_word' id='word_1_220' title='bbox 832 3977 889 4028; x_wconf 83' lang='lat' dir='ltr'><strong>est.</strong></span> <span class='ocrx_word' id='word_1_221' title='bbox 935 3968 1143 4030; x_wconf 81' lang='lat' dir='ltr'><strong>lrrnotescent</strong></span> <span class='ocrx_word' id='word_1_222' title='bbox 1161 3967 1233 4029; x_wconf 77' lang='lat' dir='ltr'><strong>haec</strong></span> <span class='ocrx_word' id='word_1_223' title='bbox 1255 3987 1314 4048; x_wconf 91' lang='lat' dir='ltr'><strong>per</strong></span> <span class='ocrx_word' id='word_1_224' title='bbox 1329 3987 1395 4044; x_wconf 92' lang='lat' dir='ltr'><strong>vos,</strong></span> <span class='ocrx_word' id='word_1_225' title='bbox 1409 3964 1435 4029; x_wconf 91' lang='lat' dir='ltr'><strong>si</strong></span> 
     </span>
     <span class='ocr_line' id='line_1_33' title="bbox 482 4061 1434 4148; baseline 0.006 -26"><span class='ocrx_word' id='word_1_226' title='bbox 482 4061 647 4144; x_wconf 87' lang='lat' dir='ltr'><strong>placuerit,</strong></span> <span class='ocrx_word' id='word_1_227' title='bbox 669 4061 798 4127; x_wconf 90' lang='lat' dir='ltr'><strong>domino</strong></span> <span class='ocrx_word' id='word_1_228' title='bbox 821 4065 986 4148; x_wconf 86' lang='lat' dir='ltr'><strong>episcope,</strong></span> <span class='ocrx_word' id='word_1_229' title='bbox 1012 4067 1065 4130; x_wconf 93' lang='lat' dir='ltr'><strong>cui</strong></span> <span class='ocrx_word' id='word_1_230' title='bbox 1087 4066 1161 4130; x_wconf 89' lang='lat' dir='ltr'><strong>ideo</strong></span> <span class='ocrx_word' id='word_1_231' title='bbox 1188 4067 1297 4129; x_wconf 90' lang='lat' dir='ltr'><strong>minus</strong></span> <span class='ocrx_word' id='word_1_232' title='bbox 1320 4068 1434 4144; x_wconf 85' lang='lat' dir='ltr'><strong>scribo,</strong></span> 
     </span>
     <span class='ocr_line' id='line_1_34' title="bbox 482 4165 1432 4252; baseline 0.006 -28"><span class='ocrx_word' id='word_1_233' title='bbox 482 4183 523 4225; x_wconf 91' lang='lat' dir='ltr'><strong>ne</strong></span> <span class='ocrx_word' id='word_1_234' title='bbox 545 4185 617 4225; x_wconf 88' lang='lat' dir='ltr'><strong>mea</strong></span> <span class='ocrx_word' id='word_1_235' title='bbox 639 4165 814 4228; x_wconf 87' lang='lat' dir='ltr'><strong>necessitas</strong></span> <span class='ocrx_word' id='word_1_236' title='bbox 838 4168 897 4229; x_wconf 91' lang='lat' dir='ltr'><strong>sub</strong></span> <span class='ocrx_word' id='word_1_237' title='bbox 923 4169 1059 4232; x_wconf 89' lang='lat' dir='ltr'><strong>obtentu</strong></span> <span class='ocrx_word' id='word_1_238' title='bbox 1083 4169 1260 4231; x_wconf 91' lang='lat' dir='ltr'><strong>litterarum</strong></span> <span class='ocrx_word' id='word_1_239' title='bbox 1283 4169 1432 4252; x_wconf 83' lang='lat' dir='ltr'><strong>quaesisse</strong></span> 
     </span>
     <span class='ocr_line' id='line_1_35' title="bbox 481 4263 1433 4354; baseline 0.005 -28"><span class='ocrx_word' id='word_1_240' title='bbox 481 4263 634 4341; x_wconf 84' lang='lat' dir='ltr'><strong>videatur,</strong></span> <span class='ocrx_word' id='word_1_241' title='bbox 657 4267 858 4330; x_wconf 88' lang='lat' dir='ltr'><strong>occasionem</strong></span> <span class='ocrx_word' id='word_1_242' title='bbox 882 4269 1101 4333; x_wconf 85' lang='lat' dir='ltr'><strong>mendicandi.</strong></span> <span class='ocrx_word' id='word_1_243' title='bbox 1149 4269 1247 4332; x_wconf 91' lang='lat' dir='ltr'><strong>Unde</strong></span> <span class='ocrx_word' id='word_1_244' title='bbox 1271 4289 1433 4354; x_wconf 87' lang='lat' dir='ltr'><strong>nunquam</strong></span> 
     </span>
     <span class='ocr_line' id='line_1_36' title="bbox 482 4365 1434 4454; baseline 0.004 -27"><span class='ocrx_word' id='word_1_245' title='bbox 482 4366 541 4427; x_wconf 93' lang='lat' dir='ltr'><strong>sub</strong></span> <span class='ocrx_word' id='word_1_246' title='bbox 564 4365 654 4427; x_wconf 88' lang='lat' dir='ltr'><strong>exilii</strong></span> <span class='ocrx_word' id='word_1_247' title='bbox 679 4367 773 4452; x_wconf 89' lang='lat' dir='ltr'><strong>hujus</strong></span> <span class='ocrx_word' id='word_1_248' title='bbox 798 4370 944 4449; x_wconf 85' lang='lat' dir='ltr'><strong>angustia</strong></span> <span class='ocrx_word' id='word_1_249' title='bbox 967 4369 1172 4434; x_wconf 83' lang='lat' dir='ltr'><strong>scribendum</strong></span> <span class='ocrx_word' id='word_1_250' title='bbox 1197 4371 1309 4434; x_wconf 85' lang='lat' dir='ltr'><strong>censui</strong></span> <span class='ocrx_word' id='word_1_251' title='bbox 1334 4369 1434 4454; x_wconf 89' lang='lat' dir='ltr'><strong>suspi-</strong></span> 
     </span>
    </p>
   </div>
   <div class='ocr_carea' id='block_1_3' title="bbox 0 0 1703 5525">
    <p class='ocr_par' dir='ltr' id='par_1_3' title="bbox 0 0 1703 5525">
     <span class='ocr_line' id='line_1_37' title="bbox 0 0 1703 5525; baseline 0 0"><span class='ocrx_word' id='word_1_252' title='bbox 0 0 1703 5525; x_wconf 95' lang='lat' dir='ltr'><strong> </strong></span> 
     </span>
    </p>
   </div>
  </div>
 </body>
</html>
