3384 5525
241 769 348 847 1168]
623 786 801 829 nrrsronm.
1138 772 1194 830 181

238 948 311 1002 snut
337 949 492 1001 stercora.
540 936 603 998 Sed
629 937 698 1022 jam
724 959 781 1020 per
805 935 941 1019 gratiam
970 937 1031 999 Dei
1056 935 1194 1000 turbinis

237 1039 377 1124 impetus
391 1049 563 1101 enervatus
585 1049 644 1113 est,
660 1048 692 1100 et
711 1038 801 1101 Petri
818 1037 907 1100 navis
922 1048 1068 1122 optatum
1090 1037 1193 1121 ingre-

239 1138 326 1204 ditur
355 1150 499 1225 portum.
544 1138 639 1215 Quod
663 1138 721 1202 tibi
750 1138 823 1201 idco
852 1139 960 1202 curavi
991 1139 1194 1216 innotescere,

240 1240 293 1327 qui
324 1254 357 1306 te
381 1239 507 1323 gaudiis
529 1238 669 1303 ecclesiae
693 1262 753 1302 non
777 1240 905 1323 ambigo
926 1242 1193 1325 congavisurum:

241 1341 415 1427 praesertim
425 1363 527 1426 quum
537 1340 654 1405 amicos
663 1356 853 1427 recepturus
863 1343 906 1405 sis
917 1343 948 1405 in
959 1365 1035 1427 pace
1045 1340 1195 1416 ecclesiae,

240 1444 293 1530 qui
316 1445 472 1508 honorem
503 1456 534 1507 et
557 1442 731 1507 utilitatem
763 1456 852 1507 tuam
882 1455 1035 1528 poterunt
1065 1455 1195 1505 auctore

243 1546 379 1610 Domino
390 1567 586 1632 promovere.
619 1546 780 1608 Dominus
795 1545 880 1608 enim
893 1548 1047 1610 Cantuar.
1064 1542 1120 1627 qui
1137 1565 1195 1627 pro

242 1647 380 1712 omnium
400 1646 531 1710 dimicat
558 1647 716 1724 libertate,
739 1648 842 1710 virum
870 1646 974 1712 induit
1002 1646 1059 1729 qui
1085 1643 1196 1706 honori

242 1748 378 1815 ecclesiae
394 1747 471 1813 velit
482 1750 606 1834 jugiter
621 1748 782 1815 inservire.

281 2033 509 2099 EPISTOLA
534 2033 864 2098 CCLXXIII.-an
887 2053 1055 2097 uncounu
1078 2053 1151 2096 ann.

490 2156 516 2199 s.
534 2154 703 2199 annuum.
724 2137 769 2216 [n.
786 2155 818 2197 n.
839 2136 948 2215 1168]

368 2287 459 2348 ldem
478 2286 613 2365 Huqoni
630 2285 748 2347 Abbati
765 2287 880 2348 Sancti
894 2286 1078 2349 Edmnndi.

284 2438 385 2513 Qnon
407 2435 440 2497 in
463 2434 654 2499 salutatione
678 2435 820 2499 variatur
842 2437 1019 2521 inscriptio,
1041 2460 1135 2502 causa
1164 2438 1197 2499 in

245 2536 389 2600 absoluto
420 2548 480 2616 est,
502 2538 579 2622 quia
601 2549 734 2621 urgente
758 2538 955 2622 tempestatis
978 2538 1113 2601 articulo
1142 2551 1200 2602 aut

246 2638 370 2701 nomina
382 2637 611 2723 supprimenda
626 2652 712 2716 sunt,
724 2652 781 2703 ant
792 2640 1017 2704 commenticiis
1030 2639 1198 2704 utendum.

243 2740 304 2806 Sed
320 2763 384 2804 non
398 2740 470 2804 ideo
494 2740 596 2805 minor
611 2752 659 2805 est
675 2741 849 2806 reverentia
865 2766 1071 2828 personarum
1088 2742 1113 2807 si
1130 2742 1200 2825 dig-

244 2842 380 2907 nitatum
418 2842 534 2906 titulus
568 2843 727 2919 reticetur,
760 2866 816 2906 nec
854 2844 979 2907 caritati
1009 2842 1201 2927 praejudicat

244 2946 384 3010 cohibita
406 2944 535 3011 libertas
556 2946 767 3032 obsequendi.
805 2949 889 3010 Nam
912 2945 1103 3029 plerumque
1120 2956 1151 3008 et
1167 2943 1199 3006 in

245 3047 392 3131 pluribus
407 3049 566 3133 poeticum
581 3047 665 3111 illud
680 3048 824 3112 obtinet:

326 3163 407 3234 Quod
416 3171 478 3225 licet
488 3173 621 3240 ingratum
633 3179 690 3224 est:
709 3172 777 3240 qnod
788 3189 839 3224 non
851 3171 924 3236 licet,
936 3171 1047 3243 amplius
1059 3173 1119 3224 urit.

243 3281 287 3342 Et
298 3275 377 3339 milri
389 3275 521 3362 quidem
529 3298 643 3360 magno
650 3275 799 3341 futurum
812 3286 880 3340 erat
890 3276 1002 3340 solatio
1015 3279 1040 3340 si
1051 3277 1083 3340 in
1092 3275 1201 3363 aliquo

241 3377 348 3442 liceret
363 3376 527 3441 sedulitati
543 3400 622 3441 meae
633 3400 710 3463 erga
721 3382 839 3443 amicos
859 3378 1034 3444 officiosum
1050 3402 1127 3443 esse.
1152 3380 1199 3443 Et

242 3479 321 3543 sicut
351 3478 382 3542 in
410 3478 572 3544 beneficiis
595 3479 730 3565 obligari
757 3504 882 3546 neccsse
911 3482 1025 3559 habeo,
1052 3481 1095 3544 sic
1124 3481 1202 3546 alios

244 3579 321 3644 milri
351 3581 550 3665 contingeret
582 3582 736 3666 obligare.
782 3584 855 3647 Non
886 3597 933 3647 est
957 3596 1061 3646 tamen
1086 3596 1202 3669 praeter

242 3705 295 3745 ros
310 3681 378 3746 fere
393 3683 576 3770 quisquam,
591 3684 644 3748 cui
660 3686 693 3749 in
707 3684 830 3748 ratione
842 3685 911 3749 dati
921 3697 953 3748 et
962 3685 1083 3770 accepti
1095 3699 1203 3750 tenear

244 3783 418 3868 obligatus,
441 3808 544 3870 quum
567 3808 676 3850 omnes
698 3786 759 3850 sub
782 3799 944 3871 praetextu
974 3798 1079 3851 metus
1100 3789 1203 3854 inanis

244 3898 392 3970 quoerant
406 3885 645 3970 ingratitudinis
661 3910 726 3951 suae
745 3887 906 3951 solatium.
952 3887 1049 3951 Unde
1064 3902 1094 3952 et
1112 3891 1203 3954 vobis

243 3987 363 4051 arctius
378 3999 498 4064 teneor,
514 3988 572 4074 qui
588 4011 639 4052 me
654 3987 734 4052 citra
749 3987 861 4051 merita
878 3985 993 4051 totiens
1008 3987 1040 4051 in
1057 3988 1203 4054 benedic-

243 4085 385 4150 tionibus
412 4087 592 4152 dulcedinis
618 4087 828 4174 praevenistis.
885 4090 970 4151 Ecce
999 4088 1082 4151 enim
1113 4090 1202 4155 exilii

243 4185 303 4248 mei
326 4200 439 4251 sextus
462 4211 565 4253 annus
587 4203 670 4253 astat
692 4211 751 4273 pro
775 4189 908 4266 foribus,
932 4203 964 4252 et
988 4188 1068 4252 nulli
1090 4212 1200 4254 eornm

245 4287 301 4372 qui
325 4289 404 4353 mihi
426 4288 504 4353 dnm
520 4290 665 4354 florerem
681 4291 713 4353 in
738 4289 841 4375 patria
856 4289 1027 4354 familiares
1042 4304 1132 4354 erant
1147 4307 1204 4353 aut

244 4388 414 4473 debitores,
421 4391 514 4456 extiti
527 4415 689 4473 onerosus
697 4405 741 4470 et,
751 4413 808 4475 per
822 4390 959 4475 gratiam
971 4389 1031 4454 Dei
1039 4390 1204 4453 necessitas
