3384 5525
486 788 525 845 10
748 798 886 843 Jonnnrs
903 798 1181 842 sannsuunrnnsm
1336 780 1381 858 [A.
1400 799 1430 841 n.

480 951 631 1026 decrevit,
650 961 682 1013 et
702 953 816 1013 summi
839 962 963 1014 tantum
983 950 1145 1035 pontificis
1165 949 1433 1031 dispositionibus

479 1053 654 1136 subjacere.
708 1054 864 1117 Abiathar
892 1075 1030 1138 quoqne,
1060 1056 1115 1136 qui
1146 1051 1279 1134 Spiritui
1310 1053 1431 1113 Sancto

478 1154 636 1217 restiterat
652 1156 686 1217 in
702 1155 912 1238 dispositione
933 1155 1052 1233 David,
1067 1166 1191 1218 amotus
1207 1174 1226 1215 a
1241 1152 1433 1227 sacerdotio,

480 1278 518 1318 ea
532 1257 654 1319 ratione
669 1258 859 1320 sententiam
884 1258 994 1319 mortis
1017 1257 1126 1331 evasit,
1141 1256 1217 1338 quia
1238 1275 1343 1317 arcam
1359 1275 1433 1336 por·

479 1366 609 1431 laverat,
631 1370 663 1420 et
685 1357 896 1441 praecedentis
922 1359 1021 1421 officii
1044 1357 1212 1440 privilegio
1234 1366 1321 1418 tutus
1344 1356 1429 1418 diem

479 1458 662 1543 expectavit
677 1461 816 1524 fatalem.
847 1460 943 1533 Quod
955 1461 981 1522 si
993 1461 1097 1523 clerus
1107 1460 1140 1521 in
1152 1455 1316 1542 privilegia
1331 1458 1433 1520 tribus

480 1561 633 1624 Leviticae
663 1582 727 1624 nou
754 1560 911 1640 succedit,
938 1572 970 1625 et
999 1562 1163 1645 apostolus
1186 1579 1285 1622 vanus
1315 1570 1374 1634 est,
1401 1573 1433 1621 et

479 1664 608 1727 fallaces
637 1686 749 1727 omues
777 1665 966 1747 interpretes
996 1663 1231 1745 scripturarum.
1283 1662 1339 1723 Ex
1369 1681 1432 1744 quo

478 1765 635 1848 liquidum
647 1787 717 1828 esse
729 1764 825 1828 debet
834 1766 982 1828 omnibus
993 1765 1202 1848 justissimam
1216 1784 1286 1826 esse
1302 1784 1432 1826 causam

478 1887 588 1929 eorum
604 1866 659 1948 qni
675 1886 733 1947 pro
746 1864 892 1928 libertate
907 1866 1066 1929 Ecclesiae
1087 1864 1252 1941 dimicant,
1268 1878 1299 1929 et
1313 1866 1433 1950 pretio-

479 1966 594 2029 siorem
609 1965 729 2027 habent
742 1966 848 2044 legem
864 1966 928 2027 Dei
943 1987 1038 2049 qnam
1054 1968 1207 2044 fortunas,
1221 1968 1318 2030 immo
1336 1988 1432 2050 quam

478 2068 601 2130 animas
626 2087 710 2129 suas.
756 2068 819 2130 Sed
845 2068 978 2131 fortasse
1002 2070 1091 2132 dicet
1113 2071 1239 2152 aliquis,
1267 2069 1431 2153 quidhoc

479 2166 521 2232 ad
537 2190 664 2232 causam
676 2169 771 2231 vestri
780 2169 1098 2255 Cantuariensis,qui
1113 2173 1146 2234 in
1163 2193 1260 2235 causa
1272 2173 1431 2235 Ecclesiae

480 2267 575 2333 cessit
588 2270 674 2354 apud
690 2270 926 2335 Clarendonam
941 2284 972 2335 et
987 2274 1020 2336 in
1036 2274 1223 2355 pecuniaria
1243 2288 1431 2347 conventuS,

477 2372 511 2435 in
529 2372 602 2455 jure
617 2373 678 2435 sibi
694 2372 843 2436 conscius
863 2374 1052 2457 iniquitatis,
1068 2386 1099 2437 et
1119 2373 1159 2438 de
1181 2374 1349 2456 praestigiis
1365 2375 1430 2437 suis

479 2473 614 2550 diffisus,
637 2473 1054 2555 subterfugioimprudenti
1081 2485 1113 2537 et
1136 2476 1315 2558 impudenti
1341 2498 1430 2539 suam

479 2574 618 2659 quodam
637 2574 745 2650 modo,
759 2575 858 2638 immo
879 2577 974 2658 plane
995 2577 1156 2660 professus
1171 2590 1219 2639 est
1234 2578 1431 2660 injustitiam,

478 2688 510 2740 et
539 2687 660 2759 partem
685 2676 877 2760 justificavit
906 2677 1080 2742 adversam.
1131 2680 1212 2742 Esto
1238 2702 1315 2743 sane
1342 2680 1430 2764 quod

478 2780 619 2844 cesserit.
671 2779 870 2864 Propicietur
900 2782 989 2844 Deus
1013 2782 1182 2866 episcopis,
1208 2784 1264 2866 qni
1289 2805 1362 2845 enm
1390 2783 1430 2846 ad

476 2881 540 2944 hoc
555 2879 759 2959 induxerunt,
776 2890 809 2943 et
824 2881 1133 2946 circumventoribus
1147 2883 1205 2965 qui
1220 2905 1292 2945 eum
1307 2883 1427 2946 eduxe-

476 2994 561 3061 runt,
576 3006 674 3067 quum
693 2998 800 3047 tamen
815 2982 924 3067 justus
948 2995 1032 3048 esset
1051 2997 1163 3059 metus,
1178 2997 1210 3044 et
1231 3003 1381 3064 praesens,
1399 2996 1430 3043 et

477 3086 585 3167 quiin
608 3087 901 3148 constantissimum
922 3087 1086 3146 hominem
1107 3083 1246 3146 caderet.
1291 3081 1430 3145 Mittitur

477 3185 567 3246 vobis
587 3185 722 3264 epistola
744 3184 823 3267 ejuS,
840 3185 896 3244 ubi
920 3203 978 3264 pro
1000 3204 1034 3245 se
1057 3181 1231 3243 satisfaciat
1253 3204 1295 3244 ex
1318 3198 1427 3263 parte;

476 3284 533 3346 sed
557 3284 632 3365 quia
654 3282 801 3365 deliquit,
816 3281 976 3363 poenitnit,
999 3282 1164 3344 confessus
1187 3296 1245 3358 est,
1262 3306 1280 3345 a
1296 3284 1428 3348 domino

475 3406 561 3468 papa
576 3383 698 3446 absolvi
713 3381 828 3443 meruit
842 3402 939 3444 causa
958 3383 1132 3462 recognita,
1148 3393 1180 3445 et
1194 3396 1229 3445 nt
1244 3386 1427 3449 Ecclesiam

475 3487 652 3566 Anglorum
668 3484 709 3547 ab
723 3483 844 3545 illicitis
860 3494 892 3546 et
906 3485 1039 3547 extortis
1060 3484 1308 3565 obligationibus
1323 3489 1427 3550 absol-

474 3599 562 3652 veret
586 3586 777 3669 impetravit.
822 3585 886 3658 Qui
909 3607 984 3667 ergo
1007 3586 1121 3649 imitati
1146 3598 1219 3649 sunt
1248 3589 1297 3667 (ut
1322 3590 1424 3665 aiunt)

474 3688 728 3772 delinquentem,
767 3709 863 3770 quare
899 3689 1118 3770 poenitentem,
1150 3690 1356 3753 confitentem
1394 3702 1425 3752 et

475 3790 722 3853 satisfacientem
747 3811 813 3851 non
839 3789 1027 3853 imitantur?
1066 3790 1214 3874 nunquid
1238 3794 1360 3855 malunt
1390 3792 1423 3853 in

474 3889 623 3954 sordibus
636 3892 807 3965 immorari,
819 3913 914 3975 quam
931 3912 1070 3974 surgere,
1079 3892 1225 3955 mundari
1241 3904 1273 3956 et
1288 3894 1426 3977 reparari

473 3994 506 4055 in
529 3993 698 4075 pristinum
722 3993 876 4075 gradum?
917 3995 981 4058 Sed
1008 4016 1136 4058 causam
1159 3997 1277 4058 veritus
1304 4007 1352 4059 est
1379 3996 1425 4073 (ut

473 4094 635 4178 objicitur)
659 4094 890 4177 pecuniariam,
910 4096 971 4158 hoc
996 4095 1126 4179 quidem
1151 4098 1265 4159 falsum
1290 4110 1346 4175 est,
1368 4097 1424 4159 sed

467 4197 616 4282 judicum
636 4198 848 4280 iniquitatem,
869 4199 924 4281 qni
945 4220 1016 4261 eum
1039 4197 1152 4283 iniqua
1170 4202 1327 4263 sententia
1345 4221 1423 4262 con·

473 4301 708 4377 demuarerant,
723 4300 823 4382 parati
840 4299 987 4382 judicare
1008 4302 1162 4385 quicquid
1186 4316 1317 4386 tyranno
1340 4303 1422 4363 libu-

472 4402 560 4466 isset.
615 4403 655 4465 In
682 4423 786 4485 eoque
810 4402 1011 4466 verecundiae
1034 4407 1134 4467 seculi
1160 4405 1257 4467 nostri
1279 4404 1425 4486 pepercit
