3384 5525
367 747 474 827 troc-‚1
760 750 939 809 sprsrota.
1278 750 1319 809 65

361 919 439 1001 quia
452 918 633 1000 magnifica
656 917 778 980 virtutis
794 919 886 981 titulo
910 918 1033 992 meruit,
1050 930 1085 981 ut
1103 920 1136 981 in
1157 918 1315 982 libertatis

363 1020 503 1082 culmino
522 1019 723 1095 constitutus,
737 1038 828 1099 reges
842 1018 959 1081 viderit
976 1018 1010 1081 in
1027 1018 1138 1082 ordine
1158 1020 1312 1096 secundo,

364 1131 398 1184 et
421 1142 531 1203 regum
555 1142 670 1205 parens
692 1130 788 1203 (quos
810 1118 984 1203 adoptione
1010 1122 1182 1205 promovit)
1204 1122 1315 1185 haberi

363 1220 459 1284 debet
472 1222 505 1284 in
529 1220 766 1303 sempiternum.
812 1221 887 1283 Non
907 1236 983 1303 ergo
1005 1234 1114 1285 vereor
1127 1244 1168 1285 ne
1190 1224 1224 1285 in
1240 1244 1317 1287 ven-

361 1332 430 1384 tum
447 1323 542 1384 verba
563 1320 735 1395 emiserim,
750 1331 805 1382 aut
824 1319 911 1403 quod
926 1320 1006 1383 mihi
1026 1319 1205 1404 captiosum
1226 1324 1267 1386 sit
1281 1323 1316 1386 in

363 1431 461 1483 tantae
488 1419 665 1483 sanctitatis
695 1419 825 1481 auribus
851 1439 1016 1483 versasse
1042 1422 1194 1484 locutum.
1240 1424 1316 1486 Non

363 1532 472 1583 tamen
494 1541 538 1583 cx
552 1540 650 1582 causa
664 1518 803 1581 veritatis
817 1518 1037 1582 insidiantium
1058 1522 1191 1603 laqueos
1212 1523 1319 1588 timeo,

366 1622 424 1705 qui
439 1623 560 1683 utinam
572 1629 672 1683 totam
689 1620 785 1683 vitam
797 1619 979 1682 devoverim
990 1621 1125 1699 veritati,
1134 1634 1167 1685 et
1176 1622 1210 1685 in
1222 1645 1321 1687 asser·

363 1724 453 1785 tione
469 1723 538 1806 ejus
553 1721 761 1805 impenderim
771 1721 925 1785 animam:
941 1721 977 1783 in
986 1722 1072 1784 invio
1084 1733 1142 1801 cst,
1152 1734 1251 1807 pater,
1263 1725 1320 1808 qni

364 1825 548 1889 Ecclesiam
565 1844 676 1904 regere
696 1833 788 1906 putat
810 1844 880 1886 asse
904 1822 1101 1886 dominatum
1120 1824 1154 1887 in
1178 1827 1273 1899 clero,
1290 1837 1322 1891 et

366 1927 482 1989 fastum
493 1926 526 1987 in
541 1927 674 2009 populo,
686 1945 862 2009 pauperum
875 1923 994 1988 Christi
1004 1926 1129 1989 loculos
1140 1926 1332 2006 exhaurire„

367 2039 404 2091 ut
424 2028 534 2110 hostes
556 2025 725 2104 Crucifixi,
746 2025 920 2089 histriones
942 2034 975 2090 et
992 2026 1118 2107 mimos,
1132 2038 1165 2091 et
1186 2039 1318 2094 caeteras

365 2128 827 2212 hujusmodimulceatpcstes:
846 2130 974 2211 placere
986 2129 1197 2211 potestatibus
1207 2133 1319 2210 seculi,

368 2239 405 2293 ut
429 2230 611 2313 perniciosa
637 2238 671 2293 et
695 2230 805 2293 infami
829 2229 986 2311 patientia
1009 2240 1172 2312 pastorum
1199 2231 1318 2295 Christi

368 2333 576 2395 conculcetur
604 2331 764 2407 Ecclesia,
790 2351 849 2393 sua
877 2350 1018 2413 quaererc
1046 2353 1113 2395 nou
1143 2353 1215 2414 quae
1240 2334 1319 2397 Jesu

369 2432 499 2511 Christi,
514 2432 606 2495 otiari
625 2432 659 2495 in
681 2433 802 2495 talento
821 2431 965 2509 Domini,
980 2443 1013 2494 et
1033 2433 1206 2496 usurariam
1224 2434 1321 2499 virtu·

368 2544 436 2598 tum
451 2534 668 2597 accessionem
682 2523 897 2613 hegotiatione
918 2531 1142 2596 sollicitudinis
1157 2543 1189 2597 et
1201 2525 1322 2599 laboris

368 2656 436 2697 non
452 2654 612 2696 exercere.
655 2631 767 2694 Aderit
780 2632 815 2692 in
829 2630 917 2694 brevi
932 2645 1095 2713 pastorum
1110 2644 1219 2717 pastor
1233 2638 1288 2719 qui
1303 2658 1323 2699 a

370 2734 465 2798 vobis
491 2743 524 2797 ct
548 2732 642 2796 nohis
668 2731 844 2796 districtam
871 2732 978 2814 exiget
998 2735 1170 2798 rationem:
1202 2737 1324 2820 eritque

369 2849 449 2900 tunc
465 2835 616 2898 memoria
624 2834 705 2919 justi
720 2855 793 2896 cum
803 2832 963 2912 laudibus,
976 2844 1008 2896 ct
1023 2857 1141 2898 nomen
1155 2837 1324 2919 impiorum

367 2945 542 3023 putrescet·
573 2935 638 2999 Sed
653 2935 742 2998 nain
757 2935 889 3015 longum
904 2933 1011 2997 videar
1024 2935 1225 3018 prophetare,
1236 2937 1324 3000 citis-

371 3039 452 3103 sime
467 3058 525 3121 per
534 3035 783 3101 misericordiam
794 3036 859 3097 Dei
871 3033 1018 3098 ridebitis
1029 3036 1211 3116 Ecclesiam
1222 3059 1325 3101 rasur-

369 3160 454 3222 gerc,
468 3148 504 3202 ut
518 3138 573 3222 qui
587 3159 657 3201 eam
671 3137 828 3199 hactenus
841 3134 1062 3218 prodiderunt,
1075 3148 1130 3201 aut
1144 3159 1218 3201 cum
1230 3140 1324 3204 Petro

371 3241 609 3323 lachrymantur
634 3238 675 3303 ad
700 3237 836 3313 veniam,
860 3247 916 3299 aut
939 3258 1012 3300 cum
1036 3237 1123 3302 Juda
1148 3219 1263 3324 laiqneo
1290 3264 1324 3305 se

375 3340 581 3425 suspendant

388 3598 613 3663 EPISTOLA
635 3590 913 3663 octavus-an
928 3617 1025 3663 wrm„
1041 3618 1219 3665 samonam
1234 3623 1311 3668 sca·

467 3778 469 3780 η
547 3718 701 3763 aaroantu
715 3717 880 3762 canrosa.
929 3700 973 3780 [a.
987 3719 1017 3762 n.
1036 3702 1148 3782 noa]

469 3883 473 3889 ’
527 3882 698 3947 Guillclmo
712 3884 843 3947 Britom‘
858 3883 1017 3966 subpriori
1033 3884 1173 3950 Cantiae.

416 4047 663 4120 Rsacoasscm,
686 4055 814 4108 auctore
838 4043 991 4122 Domino,
1016 4052 1116 4107 status
1143 4045 1326 4109 universalis

374 4147 534 4219 ecclesiae,
549 4156 580 4208 et
595 4146 869 4209 schismaticorum
885 4146 1022 4229 impetus
1036 4145 1201 4208 frustratus
1221 4159 1279 4224 cst,
1296 4160 1328 4209 et

374 4247 525 4332 superbia
554 4247 654 4310 Moab
684 4246 787 4310 indies
816 4246 1004 4310 infirmatur.
1057 4249 1128 4309 Nec
1159 4244 1199 4309 de
1229 4260 1325 4309 nocte

374 4357 517 4412 vastatus
528 4356 578 4409 est
590 4368 688 4426 nunc,
700 4361 736 4410 ut
750 4349 791 4409 ab
806 4346 909 4422 initio,
925 4345 1032 4409 sedin
1047 4344 1177 4407 meridie
1193 4348 1328 4407 suffossa

418 4465 490 4511 voc.
507 4465 542 4510 11.
837 4466 856 4507 r
