3384 5525
735 766 948 848 1168]
1508 785 1863 829 EPISTOLAE.
2526 769 2642 827 183

731 950 920 1001 eunte
973 958 1092 1021 pro
1143 958 1334 999 causa
1387 936 1511 1000 Dei
1571 950 1632 998 et
1696 934 1987 999 libertate
2048 934 2324 997 ecclesiae
2383 933 2640 997 domino

733 1042 1042 1105 Cantuar.
1074 1027 1495 1115 con'militare‚
1518 1036 1631 1124 qui
1661 1059 1860 1121 quum
1894 1037 2170 1122 publicae
2202 1037 2433 1101 serviat
2467 1034 2639 1100 utili-

730 1140 866 1220 tati,
895 1139 1116 1204 adbuc
1146 1153 1356 1205 tamen
1388 1140 1621 1203 militat
1658 1138 1789 1202 suis
1837 1138 2204 1223 stipendiis:
2269 1151 2379 1203 aut
2437 1138 2639 1223 (quod

729 1243 1107 1327 probrosum
1160 1241 1550 1305 nostratibus
1596 1241 1722 1318 est)
1776 1240 1986 1323 gentis
2039 1239 2278 1302 alienae.
2372 1242 2635 1305 Utinam

729 1342 820 1407 illi
851 1341 1519 1430 quantulumcumque
1551 1340 1760 1404 solatii
1785 1338 2226 1413 ministrasseS,
2252 1340 2425 1425 quod
2461 1343 2638 1404 Deus

731 1443 867 1520 scit,
907 1448 994 1510 ob
1044 1457 1222 1509 tuam
1274 1466 1467 1530 quam
1517 1442 1692 1506 illius
1740 1441 1944 1525 magis
1996 1441 2220 1525 loquor
2273 1442 2634 1506 utilitatem.

732 1546 898 1610 Mihi
931 1559 1146 1611 autem
1190 1543 1347 1607 nihil
1397 1566 1642 1630 precor,
1673 1542 1788 1606 nisi
1825 1556 1899 1606 ut
1946 1542 2415 1619 Quintilianum
2447 1567 2634 1629 quem

730 1647 881 1733 petii
913 1647 1224 1733 scriptum
1254 1658 1318 1710 et
1350 1644 1761 1709 emendatum
1796 1644 2030 1707 mittas.

862 1979 1304 2044 EPISTOLA
1355 1978 1920 2043 cclxxv-An
1949 1996 2367 2041 wlLLELMUM
2403 1998 2487 2042 DE

1283 2099 1561 2143 DOVERA.
1661 2080 1749 2158 [Α.
1768 2099 1829 2142 D.
1865 2081 2082 2160 1168.]

1216 2237 1399 2303 Idem
1441 2238 1752 2301 Willelmo
1781 2240 1858 2301 de
1885 2239 2160 2302 Dovera.

815 2351 1292 2414 EXPERIENTIA
1321 2370 1531 2411 rerum
1574 2344 1999 2410 fidelissimam
2053 2348 2379 2414 scientiam
2426 2353 2634 2436 parit:

731 2463 792 2517 et
821 2463 916 2516 est
944 2452 1009 2515 in
1043 2473 1172 2514 una
1203 2471 1459 2535 quaque
1490 2447 1797 2511 facultate
1841 2448 2171 2533 probabile
2215 2451 2393 2535 quod
2439 2476 2515 2516 ex
2565 2478 2640 2518 ea

732 2553 985 2618 videtur
1056 2550 1303 2616 artifici.
1409 2549 1583 2615 Artis
1656 2563 1869 2613 autem
1931 2552 2245 2637 cujusque
2317 2566 2639 2642 praecepta

733 2653 1056 2719 intellectu
1087 2652 1350 2739 quidem
1379 2650 1591 2714 facilia
1622 2662 1792 2727 sunt,
1818 2651 1926 2714 sed
1961 2674 2080 2715 usu
2112 2674 2236 2716 non
2268 2654 2377 2719 ita.
2455 2656 2637 2719 Diffi-

731 2755 947 2821 ciliora
975 2769 1182 2822 tamen
1216 2768 1364 2820 sunt
1395 2757 1459 2818 in
1506 2751 1732 2818 ethicae
1778 2754 2130 2842 praeceptiS,
2165 2755 2233 2821 id
2278 2771 2371 2821 est
2419 2760 2481 2821 in
2517 2757 2639 2822 vir-

730 2872 942 2926 tutum
972 2857 1195 2923 officiis
1224 2856 1607 2923 excolendis.
1699 2860 1780 2920 At
1813 2859 1877 2919 in
1912 2856 2036 2920 illis
2066 2859 2361 2922 omnibus
2390 2859 2637 2926 obtinet

725 2959 955 3025 caritas
984 2959 1439 3046 principatum,
1472 2980 1668 3043 quam
1701 2979 1821 3040 ego
1850 2956 2009 3019 nihil
2046 2957 2219 3020 aliud
2264 2978 2395 3020 esse
2440 2982 2633 3043 quam

727 3086 941 3128 veram
985 3061 1323 3127 amicitiam
1370 3060 1638 3124 dixerim
1680 3058 2073 3123 confidenter
2117 3071 2182 3124 et
2220 3072 2426 3125 recte:
2489 3085 2637 3148 quse

727 3187 850 3229 non
882 3163 1074 3228 modo
1102 3162 1199 3228 sui
1235 3164 1590 3250 majestate,
1623 3161 1733 3225 sed
1766 3161 1952 3225 etiam
2003 3162 2286 3239 raritate,
2316 3165 2529 3229 omnia
2571 3165 2636 3229 in

727 3268 913 3333 terris
942 3265 1301 3353 expetenda
1329 3264 1736 3330 transcendit.
1831 3265 2006 3328 Huic
2039 3267 2120 3330 ab
2151 3266 2407 3332 ineunte
2448 3282 2636 3333 aetate

723 3392 982 3457 operam
1033 3368 1207 3443 dedi,
1262 3390 1490 3453 meque
1541 3366 1779 3432 multos
1832 3366 2157 3454 obsequiis
2216 3371 2638 3453 promeruisse

723 3469 1142 3549 credideram,
1201 3491 1459 3555 sperans
1518 3468 1692 3552 quod
1754 3467 1819 3532 in
1890 3468 2221 3533 affectione
2281 3471 2638 3538 dilectionis

727 3572 880 3639 mihi
933 3572 1242 3637 referrent
1292 3571 1514 3636 vicem.
1638 3572 1998 3637 Assiduitas
2056 3596 2209 3657 ergo
2268 3575 2523 3639 amandi
2573 3589 2638 3641 et

728 3674 1121 3762 obsequendi
1149 3674 1417 3740 contulit
1455 3697 1680 3738 usum:
1746 3690 1809 3738 et
1855 3674 1964 3738 ille
1995 3697 2214 3740 versus
2250 3677 2313 3739 in
2345 3677 2638 3744 habitum

727 3800 827 3842 me
857 3799 1107 3862 semper
1133 3799 1346 3840 amare
1376 3774 1699 3861 compellit
1730 3775 1920 3839 etiam
1954 3798 2079 3840 non
2111 3789 2413 3844 amantes.
2503 3783 2640 3845 Nec

729 3893 939 3945 tamen
986 3901 1305 3962 praesumo
1349 3901 1451 3941 me
1498 3878 1839 3941 solidatum
1887 3900 2021 3941 esse
2065 3879 2131 3942 in
2177 3880 2463 3961 caritate,
2493 3905 2640 3968 quae

725 3979 1049 4066 religionis
1103 3978 1351 4044 culmen
1402 3992 1521 4056 est,
1577 3978 1725 4042 licet
1776 3978 1948 4042 illam
2001 3978 2174 4045 sitiat
2226 3979 2436 4045 anima
2485 4005 2644 4051 mea.

732 4083 856 4149 Sed
904 4080 1062 4146 mihi
1107 4105 1328 4146 revera
1372 4080 1694 4167 quandam
1744 4083 1948 4146 fateor
1991 4081 2210 4148 adesse
2250 4084 2643 4153 affectionem

730 4181 1191 4248 benevolentiae
1262 4206 1394 4269 qua
1465 4183 1956 4248 conviventibus
2036 4185 2228 4250 etiam
2304 4185 2643 4253 nonnullos

732 4285 1003 4370 gentiles
1075 4284 1348 4370 legimus
1405 4283 1734 4370 placuisse.
1845 4288 1992 4351 Hoc
2051 4299 2264 4353 autem
2339 4287 2458 4351 etsi
2512 4307 2654 4370 m-

729 4388 961 4455 radicis
982 4387 1400 4466 firmitudine,
1422 4400 1668 4454 naturoe
1692 4399 1905 4453 tamen
1934 4411 2165 4475 genere
2187 4402 2253 4457 et
2275 4385 2496 4468 intans
2531 4398 2537 4403 '
2583 4378 2591 4387 ¹
