3384 5525
370 770 429 827 llll
625 782 760 828 scaurus
776 779 1053 825 saursnnaruusrs
1229 762 1275 842 [A.
1290 780 1321 823 n·

370 945 545 1018 susceptus,
569 945 707 1018 aegrotus
729 933 910 997 adversetur
933 932 1049 997 medici
1072 932 1120 995 sui
1144 932 1321 996 cauterium

370 1037 420 1098 vel
437 1056 600 1099 caesuram.
645 1034 729 1107 Quid
745 1056 819 1117 ergo
835 1034 861 1096 si
878 1033 1022 1097 medicus
1037 1055 1179 1112 manum,
1191 1054 1265 1115 quae
1280 1031 1319 1096 ad

370 1158 468 1219 opera
481 1139 566 1201 bona
581 1137 637 1200 diu
652 1148 784 1213 aruerat,
799 1135 841 1199 ad
863 1148 988 1220 tempus
1002 1135 1116 1199 incidit
1131 1136 1184 1199 rel
1198 1135 1272 1211 urit,
1285 1144 1319 1197 ut

371 1237 482 1300 reddat
501 1248 653 1321 perpetuo
675 1234 858 1300 fortiorem?
897 1237 973 1300 Nou
991 1244 1098 1318 stupet
1113 1234 1155 1298 ad
1175 1235 1246 1298 haec
1266 1235 1319 1317 qui

369 1338 515 1403 Cirillum
542 1339 628 1423 quod
653 1350 703 1402 est
725 1359 854 1401 manum
876 1337 1015 1401 debilem
1037 1346 1183 1400 curatum
1205 1334 1320 1418 legite

370 1440 507 1504 Christo.
554 1442 630 1522 lpse
641 1440 725 1504 euim
743 1440 862 1523 estqui
877 1438 1015 1523 percutit
1029 1450 1062 1502 et
1075 1448 1179 1513 sanat,
1190 1448 1223 1501 et
1233 1435 1317 1521 qnod

370 1542 471 1623 magis
494 1552 543 1605 est
566 1541 687 1605 occidit
712 1551 748 1604 ut
773 1540 922 1604 vivificet.
968 1541 1048 1603 Esto
1075 1539 1163 1624 quod
1189 1538 1257 1619 regi
1281 1536 1319 1601 sit

370 1645 494 1707 indulta
509 1644 629 1722 dilatio,
643 1666 709 1707 non
727 1656 834 1708 tamen
857 1644 891 1707 iu
915 1642 999 1706 diem
1023 1652 1155 1720 certum,
1170 1642 1246 1725 quia
1261 1661 1318 1703 nec

370 1748 432 1810 lroc
463 1748 622 1819 asseritur,
649 1746 743 1810 facile
773 1745 890 1827 poterit
919 1745 994 1828 quia
1019 1756 1162 1828 speratur
1192 1751 1320 1806 auctore

372 1848 512 1910 Domino
538 1868 643 1910 causae
667 1855 768 1911 status
793 1846 826 1908 in
853 1846 1012 1909 meliorem
1039 1844 1199 1908 calculum
1225 1842 1317 1905 refor-

370 1949 458 2011 mari.
509 1949 593 2011 Sane
617 1970 678 2011 nec
703 1948 832 2030 ambigo
856 1946 1102 2024 reformandum,
1126 1967 1188 2009 nec
1214 1956 1318 2009 tamen

369 2050 431 2112 hoc
452 2070 611 2132 praesumo
627 2047 667 2110 de
682 2047 812 2111 homine
835 2048 893 2111 sed
916 2047 957 2110 de
974 2047 1031 2110 illo
1053 2046 1147 2131 cujus
1170 2045 1318 2131 majestas

368 2163 433 2216 tam
449 2151 569 2214 crebris
584 2163 649 2213 tam
664 2151 850 2233 patentibus
866 2159 1055 2232 provocatur
1068 2147 1203 2232 injuriis.
1234 2148 1317 2211 Nam

370 2254 563 2337 prosperitas
573 2253 741 2316 stultorum
750 2250 951 2333 perdetillos.
968 2249 1063 2322 Quod
1073 2270 1147 2313 vero
1156 2247 1319 2333 adjecistis

370 2356 461 2418 illum
483 2357 633 2428 electum,
650 2352 707 2416 sed
730 2363 766 2414 ut
786 2351 927 2415 creditur
940 2353 1109 2435 reprobum
1132 2350 1207 2429 Dei,
1222 2352 1320 2414 bene·

370 2454 543 2517 dictionem
560 2474 580 2515 a
594 2452 726 2515 domino
737 2474 823 2536 papa
835 2452 975 2534 potuisse
986 2452 1128 2516 obtinere
1144 2451 1171 2514 si
1187 2452 1319 2516 barbam

369 2555 529 2639 deponere
560 2554 721 2631 voluisset,
749 2554 919 2617 ridiculum
953 2563 1012 2632 est,
1040 2553 1103 2616 nisi
1132 2553 1211 2617 sorte
1242 2553 1320 2617 tanti

370 2659 479 2728 lecerit
494 2657 625 2719 barbam
649 2671 684 2718 ut
706 2653 876 2719 crediderit
895 2656 935 2720 de
957 2678 991 2720 se
1013 2655 1099 2740 quod
1115 2655 1156 2719 de
1173 2654 1318 2720 Sansone

368 2759 492 2842 legitur,
518 2757 594 2843 quia
619 2757 649 2820 ei
676 2757 773 2820 virtus
795 2769 827 2821 et
849 2756 1000 2822 fortitudo
1027 2770 1152 2823 constet
1175 2758 1210 2821 in
1236 2759 1319 2845 pilis.

370 2863 538 2939 Craterum,
560 2859 646 2944 quod
665 2859 751 2922 fama
776 2858 958 2943 divulgante
980 2871 1013 2925 et
1036 2860 1112 2924 viris
1134 2862 1320 2926 extantibus

369 2963 563 3046 argumentis
585 2972 694 3026 uotum
717 2972 777 3038 cst,
791 2961 943 3025 fortitudo
962 2961 1031 3046 ejus
1053 2962 1086 3025 in
1108 2962 1228 3027 lumbis
1250 2962 1319 3046 ejus

367 3076 400 3128 et
420 3065 517 3127 virtus
540 3065 573 3125 iu
598 3061 743 3146 nequitia
766 3072 797 3123 et
816 3059 892 3122 dolo
918 3071 950 3124 et
975 3061 1111 3126 audacia
1133 3063 1317 3127 mentiendi.

368 3164 627 3247 comprehendet
647 3161 806 3225 Dominus
828 3161 991 3244 sapientes
1012 3163 1045 3226 in
1069 3163 1186 3227 astutia
1207 3173 1317 3228 suaet

367 3265 409 3328 ad
429 3265 560 3344 gloriam
582 3263 720 3325 nominis
743 3262 792 3326 sui
814 3262 968 3345 expediet
989 3285 1117 3328 eausam
1141 3283 1229 3328 suam
1252 3286 1317 3329 non

368 3387 426 3449 per
447 3385 503 3426 eos
529 3364 569 3426 de
597 3364 713 3445 quibus
739 3385 812 3446 spes
836 3364 1014 3428 habebatur
1038 3365 1097 3429 sed
1123 3387 1317 3451 quocunque

366 3464 519 3527 miraculo
531 3484 597 3525 suo.
632 3463 717 3525 Nam
733 3476 768 3526 ut
783 3464 1006 3548 scriptumest,
1018 3465 1112 3528 Nova
1126 3467 1318 3548 bellaelegit

367 3565 542 3640 Dominus3
561 3575 667 3647 portas
682 3563 821 3627 hostium
836 3565 905 3648 ipse
920 3565 1082 3628 subvertit
1114 3565 1315 3632 Pharaonem

365 3677 630 3750 expugnaverunt
652 3667 783 3744 culices,
799 3666 897 3730 vidua
918 3667 1112 3745 Olofernem,
1135 3678 1169 3732 et
1190 3669 1315 3752 pedites

366 3790 472 3850 regem
509 3768 610 3849 Syrie
647 3767 905 3850 potentissimum
942 3768 1091 3848 leguntur
1128 3783 1202 3833 ante
1236 3771 1315 3834 alios

366 3890 576 3952 expugnasse.
620 3869 672 3930 De
698 3867 898 3932 reformanda
919 3888 1001 3952 pace
1026 3867 1171 3934 ecclesiae
1195 3873 1317 3935 laborat

366 3991 473 4034 comes
490 3969 660 4046 Flaudriae,
676 3991 808 4052 sperans
826 3970 1016 4052 interreges
1031 3992 1065 4033 se
1080 3971 1209 4036 facilius
1224 3995 1315 4056 posse

364 4092 566 4154 componere,
581 4071 607 4133 si
629 4070 791 4132 dominum
814 4071 1078 4135 cantuariensem
1099 4073 1247 4139 habuerit
1261 4075 1314 4139 ad·

360 4174 508 4257 jutorem.
553 4174 625 4236 lam
649 4173 723 4236 iude
746 4173 891 4237 tractavit
913 4194 987 4236 cum
1011 4196 1082 4257 rege
1106 4177 1239 4258 Augias,
1260 4199 1314 4261 pro

365 4297 429 4358 quo
445 4272 583 4336 maxime
599 4274 764 4337 sollicitari
786 4274 933 4354 creditur,
948 4286 980 4337 et
995 4274 1261 4342 Cantuarieusem
1276 4278 1315 4342 ad

364 4375 558 4457 colloquium
569 4375 712 4438 secundo
728 4375 882 4452 inritavit,
892 4388 924 4438 et
935 4398 1020 4439 nunc
1037 4377 1166 4460 quidem
1179 4381 1317 4445 obtinuit
