3384 5525
472 777 535 865 2⁶⁰
734 787 871 832 ioannis
888 786 1168 832 sanasanninusrs
1341 771 1385 849 [A.
1405 790 1434 833 n.

474 939 741 1004 conculcationem
766 952 959 1013 sanctorum,
981 952 1013 1002 et
1034 938 1122 1023 quod
1147 961 1224 1024 pace
1246 938 1348 1024 ipsius
1370 940 1435 1003 dic-

477 1056 545 1105 tum
564 1042 616 1116 sit,
634 1038 839 1122 ignominiam
863 1038 996 1103 Christi.
1043 1038 1161 1103 Sedent
1178 1063 1195 1101 e
1211 1039 1341 1123 regione
1356 1040 1437 1105 blas·

477 1142 597 1227 phemi,
613 1141 670 1225 qui
693 1139 754 1203 sub
776 1139 903 1202 nomine
926 1152 957 1203 et
980 1140 1099 1203 honore
1120 1139 1320 1217 sacerdotali,
1338 1164 1435 1204 sacer,-

476 1242 599 1307 dotium
629 1254 877 1328 persequuntur,
905 1241 1102 1327 principibus
1128 1241 1309 1318 adulantes,
1334 1265 1435 1327 perse·

479 1356 656 1430 quutorum
681 1341 819 1406 ecclesiae
841 1343 1055 1427 justificantes
1082 1365 1234 1419 caussam,
1258 1344 1436 1407 exultanter

480 1446 513 1508 in
536 1445 630 1507 rebus
654 1444 808 1530 pessimis,
825 1443 943 1508 scilieet
967 1443 1055 1529 quod
1078 1444 1292 1529 potestatibus
1307 1445 1434 1509 adstite-

477 1561 555 1611 runt
570 1546 723 1609 adversus
744 1547 918 1609 Dominum
942 1559 973 1611 et
997 1546 1151 1610 adversus
1167 1547 1333 1612 Christum
1357 1549 1433 1633 ejus,

477 1650 569 1733 cujus
579 1649 718 1733 sanguis,
728 1671 785 1733 per
800 1672 854 1712 eos
870 1648 991 1711 effusus
1007 1647 1079 1712 licet
1095 1648 1234 1712 militum
1251 1648 1434 1729 ministerio,

478 1750 518 1813 de
542 1763 625 1814 terra
647 1749 762 1813 clamat
786 1749 825 1812 ad
851 1749 1036 1825 Dominum,
1060 1750 1162 1834 magis
1185 1773 1281 1836 quam
1307 1753 1433 1835 sanguis

479 1850 561 1914 Abel
573 1851 666 1936 justi,
683 1874 776 1937 quem
794 1850 893 1914 frater
908 1851 1010 1937 ipsius
1026 1851 1196 1917 interemit.

521 1953 648 2015 Horum
665 1966 761 2038 caput
777 1964 824 2015 est
839 1952 894 2015 ille
912 1952 1133 2029 Eboracensis,
1149 1976 1246 2037 quem
1264 1952 1387 2017 vidistis
1400 1967 1430 2017 et

477 2054 612 2118 audistis
624 2054 726 2140 palam
743 2055 774 2117 in
790 2056 879 2117 curia
895 2055 1166 2141 archiepiscopum
1181 2067 1433 2141 persequentem,

480 2171 512 2221 et
547 2156 603 2242 qui
632 2156 785 2240 indignus
814 2156 918 2220 fuerat
953 2179 1007 2219 ore
1037 2156 1200 2241 sacrilego,
1231 2180 1298 2242 quo
1328 2179 1430 2220 necem

480 2257 629 2343 martyris
659 2257 854 2342 procuravit,
885 2258 986 2342 ipsius
1016 2258 1156 2343 prolerre
1186 2280 1321 2322 nomen:
1361 2281 1430 2322 eum

478 2359 571 2444 plane
583 2359 752 2423 mendosus
767 2372 798 2423 et
815 2359 950 2423 mendax
962 2360 1030 2444 jam
1042 2358 1196 2423 inauditis
1213 2373 1431 2425 coruscantem

478 2459 638 2523 miraculis
661 2459 777 2535 adhuc,
794 2459 876 2523 sicut
899 2483 938 2522 ex
961 2459 1061 2523 literis
1083 2460 1152 2544 ejus
1174 2474 1276 2545 patet,
1292 2462 1431 2526 nominat

481 2561 688 2624 Pharaonem.
735 2560 798 2625 Sed
823 2582 884 2622 non
908 2582 1083 2638 movemur,
1098 2563 1122 2622 si
1149 2560 1306 2646 flagitiosa
1330 2562 1433 2626 bellua

480 2676 652 2745 martyrem
677 2683 738 2723 non
763 2660 907 2738 honorat,
932 2684 1017 2745 quae,
1041 2661 1123 2725 sicut
1148 2684 1245 2747 opera
1268 2662 1433 2730 manifesta

478 2761 680 2837 convincunt,
695 2763 800 2823 Deum
817 2760 928 2847 utique
941 2783 1002 2823 non
1016 2774 1151 2826 veretur.
1183 2763 1313 2827 Dicitur
1329 2777 1431 2828 tamen

479 2866 566 2951 quod
585 2878 675 2952 parat
698 2864 738 2927 ad
760 2864 880 2927 curiam
904 2864 1074 2950 proficisci,
1092 2878 1127 2928 ut
1142 2878 1259 2949 purget
1277 2867 1352 2930 vitae
1368 2891 1430 2935 sor-¹

480 2969 565 3032 dide
581 2981 700 3042 notum,
716 2966 807 3050 quasi
824 2966 919 3028 homo
935 2966 991 3050 qui
1007 2966 1166 3050 justitiam
1184 2966 1305 3041 fecerit,
1323 2983 1354 3032 et
1370 2991 1431 3037 non

479 3070 684 3154 dereliquerit
695 3066 854 3153 judicium
876 3066 935 3130 Dei
951 3067 1009 3130 sui.
1050 3068 1094 3129 Et
1111 3089 1149 3129 na
1164 3066 1267 3152 ipsius
1283 3070 1432 3153 purgatio

480 3171 582 3234 valeat
598 3170 758 3257 impediri,
773 3168 958 3254 procuravit
982 3180 1018 3231 ut
1041 3168 1121 3231 nulli
1145 3181 1323 3233 nostratum
1341 3170 1433 3240 liceat

480 3273 695 3345 transfretare,
727 3271 786 3333 nisi
823 3270 942 3334 domini
977 3271 1061 3356 regis
1097 3271 1267 3355 impetrata
1297 3271 1433 3341 licentia.

480 3371 574 3447 Quod
606 3373 736 3455 quidem
767 3372 903 3434 obtineri
935 3394 995 3435 non
1028 3384 1141 3458 potest,
1174 3371 1232 3434 nisi
1263 3387 1432 3456 praestetur

478 3471 596 3546 cautio,
620 3471 705 3556 qnod
730 3471 807 3533 nihil
836 3486 988 3556 queretur
1014 3487 1124 3537 contra
1150 3475 1299 3558 martyris
1330 3499 1433 3561 perse,

478 3586 642 3659 quutores.
689 3572 772 3649 Quid
796 3595 873 3657 ergo
895 3573 1010 3638 facient
1033 3575 1136 3638 miseri
1160 3575 1297 3639 zelantes
1320 3576 1433 3661 legem,

479 3675 623 3740 videntes
642 3675 798 3761 justitiam
820 3676 969 3761 opprimi,
986 3688 1018 3739 et
1034 3677 1094 3740 sibi
1117 3678 1237 3742 exitum
1259 3677 1433 3763 denegari?

480 3777 541 3840 Sed
567 3789 652 3840 certe
678 3777 810 3840 verbnm
835 3777 896 3839 Dei
924 3799 984 3839 non
1012 3792 1060 3842 est
1087 3779 1266 3862 alligatum,
1288 3792 1320 3843 et
1344 3781 1433 3845 vobis

479 3877 608 3942 libertas
630 3890 688 3952 est,
705 3891 737 3940 et
759 3902 795 3940 os
817 3890 928 3964 patens
951 3878 990 3940 ad
1015 3879 1176 3942 ecclesiam
1196 3883 1386 3961 Romanam,
1402 3896 1433 3947 et

479 3979 641 4043 notissima
664 3982 789 4042 veritas.
835 3979 977 4043 Novistis
1003 3980 1085 4042 enim
1112 3993 1283 4065 martyrem
1311 3980 1344 4044 in
1368 3982 1433 4048 vita

478 4103 545 4155 sua,
561 4079 692 4143 novistis
713 4101 854 4142 caussam
879 4081 960 4166 ejuS,
978 4081 1109 4144 novistis
1124 4093 1155 4144 et
1172 4104 1228 4144 nos
1245 4081 1300 4166 qui
1316 4105 1431 4154 coexu7

477 4181 612 4244 lavimus
640 4180 704 4243 illi:
744 4181 876 4245 novistis
905 4196 937 4246 et
968 4182 1065 4247 istum
1095 4183 1253 4269 Caipham
1282 4184 1433 4269 temporis

476 4285 586 4361 nostri,
596 4284 651 4368 qui
666 4283 726 4346 sub
742 4283 844 4370 specie
860 4285 1082 4370 conquerentis
1098 4285 1252 4371 persuasit
1268 4286 1431 4372 expedire,

479 4396 513 4444 ut
530 4405 611 4446 unus
627 4397 802 4448 moreretur
818 4396 874 4448 aut
885 4399 1063 4471 caperetur,
1078 4407 1115 4448 ne
1129 4399 1196 4451 tota
1210 4410 1290 4473 gens
1306 4388 1431 4473 periret.
