3384 5525
290 770 399 849 1171.]
676 786 855 831 emenonis.
1177 772 1236 832 ael

286 937 336 1001 bis
357 935 492 1001 sollicito
515 935 647 1000 viriliter
668 948 700 999 et
724 935 893 999 efficaciter
915 934 1012 999 vellet
1033 936 1188 1014 assistere,
1209 947 1243 1000 et

287 1037 471 1104 necessariis
493 1037 683 1123 participare
707 1036 897 1122 sumptibus.
956 1036 1021 1099 Sed
1046 1036 1155 1101 nescio
1180 1058 1244 1123 qno

286 1152 381 1227 pacto
396 1162 529 1224 regnare
540 1140 636 1204 vultis
652 1140 719 1205 sine
735 1161 832 1203 onere
848 1150 882 1203 et
896 1137 1124 1204 sollicitudine:
1142 1160 1242 1225 quum

290 1255 414 1308 certum
429 1240 470 1305 sit

428 1360 457 1413 N
458 1377 492 1411 on
502 1360 553 1410 nisi
565 1375 684 1429 supremo
694 1374 792 1425 magna
802 1357 891 1410 labore
903 1360 966 1429 peti.

291 1464 395 1529 labis
416 1474 525 1528 autem
548 1471 680 1525 eatenus
697 1461 767 1545 jam
789 1460 923 1545 profecit
944 1483 1000 1547 per
1025 1462 1087 1526 Dei
1109 1462 1244 1546 gratiam

291 1566 447 1630 industria
469 1562 617 1649 pauperis
638 1575 671 1627 et
694 1561 860 1648 proscripti
881 1572 917 1626 ut
938 1562 970 1625 in
994 1562 1043 1627 hie
1066 1563 1246 1628 emerendis

290 1666 355 1731 dno
384 1663 486 1729 millia
514 1684 692 1727 marcarum
723 1672 955 1726 antecessorem
985 1686 1090 1739 suum,
1116 1665 1141 1728 si
1171 1664 1247 1728 data

290 1778 374 1831 esset
389 1764 522 1843 occasio,
538 1784 751 1849 expensurum
767 1762 863 1827 fuisse
884 1785 947 1827 non
963 1763 1118 1830 dubitem.
1157 1764 1246 1829 Dici-

291 1881 344 1935 tur
356 1869 443 1956 quod
466 1865 658 1932 candelabra
678 1864 839 1930 alienastis
854 1866 887 1929 in
904 1887 978 1931 usus
995 1888 1100 1944 vanos,
1116 1867 1246 1932 fortasse

292 1993 356 2037 non
377 1971 445 2036 sine
465 1968 659 2034 conscientia
681 1967 856 2052 sacrilegii:
880 1979 914 2031 et
928 1967 1009 2032 adeo
1029 1979 1157 2033 tenaces
1172 1968 1247 2033 estis

291 2072 324 2137 in
347 2072 492 2137 ecclesiae
513 2067 753 2134 necessitatibus
775 2081 809 2134 et
830 2068 1003 2133 bonoribus
1028 2069 1246 2136 reformandis.

196 2184 198 2188 '
294 2174 389 2240 Circa
402 2174 463 2238 hoc
477 2170 612 2237 sollicita
622 2169 735 2234 fratres
749 2182 839 2234 tuos:
863 2181 896 2233 et
911 2169 937 2233 si
952 2169 999 2234 illi
1014 2172 1248 2237 contemnendo

292 2276 464 2363 desipiunt,
490 2287 527 2339 tu
552 2272 697 2337 ecclesiae
722 2283 756 2335 et
780 2272 839 2336 tibi
865 2272 1031 2357 providere
1054 2274 1248 2340 memineris.

296 2379 331 2443 Si
346 2378 512 2464 episcopus
529 2373 763 2439 Londouiensis
783 2374 843 2437 iter
865 2374 1033 2459 arripuerit
1054 2377 1095 2439 ad
1117 2380 1249 2457 curiam,

294 2582 487 2649 sufficienter
501 2580 709 2657 instruantur,
725 2579 754 2642 ei
769 2600 870 2666 quum
886 2579 989 2643 vocati
1004 2579 1123 2644 luerint
1137 2602 1249 2646 occur-

295 2707 369 2752 sun.

317 2884 539 2950 EPISTOLA
563 2882 797 2949 eccla-ro
811 2901 967 2946 rennuunt
986 2885 1226 2945 nrcrrvrnnsnn

532 3003 732 3048 unlsconon.
771 2984 814 3062 [A.
832 3005 862 3047 n.
883 2981 989 3064 ll7l.]

486 3133 571 3198 Idem
586 3134 700 3196 Joanni
714 3135 900 3196 Pictnoiensi
913 3135 1052 3216 episcopo.

339 3271 395 3334 Ex
407 3265 568 3352 insperato
582 3278 616 3330 et
630 3265 664 3329 in
687 3266 821 3344 transitu
844 3265 923 3330 mihi
937 3264 1040 3350 gratia
1062 3263 1125 3328 Dei
1144 3264 1249 3350 pmpi·

296 3369 408 3446 tiante,
423 3390 527 3454 nuper
541 3368 690 3447 innotuit,
706 3369 792 3455 quod
812 3369 854 3433 ad
868 3390 923 3433 vos
937 3377 1006 3431 erat
1019 3365 1100 3430 lator
1114 3388 1252 3452 praesen-

296 3469 376 3534 tium
394 3469 593 3534 transitumn.
632 3469 768 3534 Gavisus
783 3491 860 3554 ergo
875 3467 1026 3533 divinitus
1040 3467 1250 3533 ministratam

297 3572 496 3637 occasionem
511 3572 670 3636 scribendi
691 3572 732 3637 ad
751 3572 890 3637 amicum
911 3594 983 3636 eam
997 3582 1160 3656 gratanter
1174 3570 1252 3634 arri-

249 3679 253 3693 '
298 3673 366 3760 pul,
380 3674 551 3739 arbitratus
572 3674 653 3739 mibi
675 3675 780 3759 longae
803 3674 992 3740 calamitatis
1015 3695 1166 3757 magnum
1182 3672 1251 3736 dari

298 3775 458 3857 solatium,
480 3776 567 3862 qnod
588 3776 621 3839 in
645 3777 722 3841 tutis
746 3777 876 3842 auribus
897 3776 1015 3841 licebat
1035 3774 1251 3860 angustiarum

299 3877 464 3942 cumulum
480 3877 656 3963 deplorare.
704 3879 769 3943 Sed
790 3880 876 3943 unde
900 3890 1044 3944 sumetur
1063 3875 1252 3942 exordium?

302 3979 388 4043 Nam
411 3979 539 4043 dicendi
563 3979 646 4064 parit
671 3980 811 4066 inopiam
839 3981 972 4046 materia
994 3981 1121 4066 eopiosa
1142 3992 1176 4045 et
1197 4001 1252 4044 ex·

300 4082 447 4158 uberans,
463 4092 497 4144 et
511 4103 583 4166 quae
600 4103 675 4163 non,
689 4083 749 4147 nisi
772 4095 915 4170 tempore
931 4097 1037 4148 nostro
1060 4082 1182 4147 malitia
1197 4103 1252 4145 ex-

301 4183 451 4247 crevisset
472 4183 513 4247 ad
535 4205 708 4263 summum,
724 4185 821 4250 fidem
845 4187 979 4253 excedit.
1026 4185 1174 4250 Publicae
1195 4206 1251 4247 an·

300 4285 471 4369 gustiasan
483 4285 671 4351 domesticas
686 4286 878 4372 deplorabo?
903 4290 967 4353 Sed
981 4288 1145 4373 generales
1160 4309 1252 4350 mnn-

302 4384 362 4451 dus
384 4386 521 4470 agnovit.
570 4388 635 4452 Sua
657 4410 817 4473 quemque
840 4390 967 4454 miseria
989 4390 1109 4475 perurit
1131 4388 1251 4455 acrius:
