3384 5525
738 751 953 833 1168.]
1508 770 1865 816 EPISTOLAE.
2528 763 2650 824 13⁷

730 924 845 989 sed
877 922 1103 987 faciem
1150 920 1316 1007 regis
1346 920 1562 985 videre
1605 944 1727 985 non
1776 922 2030 1001 meruit,
2070 923 2190 990 nisi
2229 931 2376 990 ante
2418 928 2667 992 securi-.

730 1038 930 1092 tatem
985 1023 1358 1111 praestiterit
1410 1023 1589 1111 quod
1650 1023 2187 1107 Pictaviensibus,
2233 1040 2298 1092 et
2349 1029 2646 1095 omnibus

726 1129 844 1216 qui
891 1127 1027 1213 regi
1070 1126 1500 1205 adhaeserunt,
1533 1149 1750 1213 pacem
1797 1139 1860 1192 et
1910 1126 2200 1193 universa
2245 1129 2462 1195 ablata
2498 1154 2645 1196 curn

725 1229 1101 1314 integritate
1174 1228 1505 1293 restituet:
1583 1242 1854 1315 excepto
1926 1230 2099 1316 quod
2169 1254 2294 1296 non
2356 1244 2648 1297 teneatur

730 1330 1258 1407 Pictaviensibus,
1320 1329 1486 1395 sicut
1546 1352 1661 1394 nec
1721 1330 1779 1394 ei
1855 1330 2304 1415 PictavienseS‚
2365 1346 2648 1399 mortuos

731 1431 1060 1509 suscitare,
1118 1431 1215 1495 vel
1279 1454 1456 1496 casas
1518 1431 1903 1498 reaedificare
1963 1435 2346 1502 combustas,
2444 1440 2649 1516 „Hanc

730 1559 888 1621 ergo
945 1534 1075 1599 fide
1134 1533 1551 1621 corporaliter
1598 1535 1752 1600 data
1805 1536 2104 1622 praestitit
2157 1537 2537 1620 cautionem,
2583 1553 2646 1606 et

731 1638 909 1724 quod
942 1636 1099 1702 alios
1128 1635 1430 1703 articulos
1459 1636 1633 1723 pacis
1663 1637 1841 1724 apud
1883 1639 2278 1703 Suessionem
2321 1641 2648 1727 dispositae

732 1739 1013 1804 fideliter
1040 1737 1426 1803 observabit.
1520 1738 1667 1800 Hoc
1698 1738 1909 1822 ipsum
1943 1737 2135 1804 simili
2166 1739 2356 1804 modo
2384 1756 2646 1806 cautum

730 1855 826 1906 est
857 1864 897 1905 a
925 1841 1295 1927 proceribus
1324 1840 1482 1926 ejus,
1576 1842 1880 1904 Proceres
1922 1853 2137 1905 autem
2172 1842 2462 1908 Franciae
2493 1843 2551 1909 ei
2582 1867 2648 1909 se

731 1944 859 2008 fide
909 1943 1378 2030 obligaverunt,
1431 1942 1607 2029 quod
1659 1964 1773 2006 rex
1828 1943 2138 2019 Franciae,
2185 1943 2236 2007 si
2289 1944 2407 2009 sibi
2459 1959 2647 2032 pacta

734 2044 1033 2133 superius
1063 2045 1273 2131 posita
1295 2056 1360 2109 et
1384 2044 1516 2109 suis
1539 2055 1790 2108 servata
1811 2043 2077 2126 fuerint,
2097 2059 2659 2132 praemonstratam

734 2146 910 2232 pacis
968 2144 1332 2211 observabit
1390 2145 1843 2220 conditionem,
1903 2157 2172 2233 excepto
2224 2147 2401 2232 quod
2452 2147 2646 2212 filiam

732 2271 913 2314 suam
945 2271 1070 2313 non
1102 2246 1415 2312 consentit
1441 2246 1722 2312 Ricardo
1751 2246 2069 2313 destinato
2099 2246 2250 2312 duci
2281 2249 2650 2336 Aquitaniae

732 2353 799 2418 in
854 2350 1331 2416 matrimonium
1386 2349 1712 2415 collocare.
1814 2352 1961 2414 Hoc
2011 2363 2224 2415 tamen
2274 2351 2356 2416 de
2409 2352 2650 2422 Tolosa

730 2476 1107 2542 expressum
1155 2465 1276 2524 est,
1324 2452 1523 2539 quod,
1575 2454 1627 2516 si
1676 2452 1996 2516 Ricardus
2041 2452 2124 2516 de
2167 2454 2397 2518 comite
2446 2455 2647 2521 sancti

735 2556 962 2643 Egidii
1014 2554 1136 2619 sibi
1186 2555 1442 2641 petierit
1492 2554 1814 2642 justitiam
1867 2554 2176 2632 exhiberi,
2227 2578 2341 2621 rex
2392 2579 2646 2622 causam

735 2658 1037 2724 tractabit
1072 2656 1322 2744 judicio
1359 2657 1552 2723 curiae
1594 2680 1749 2723 suae.
1840 2661 2005 2732 Quae
2047 2681 2249 2744 quum
2281 2660 2418 2743 regi
2449 2660 2654 2725 Fran-

730 2786 956 2831 corum
1006 2759 1209 2827 relata
1259 2760 1527 2827 fuissent
1582 2785 1664 2825 ex
1717 2760 1962 2838 ordine,
2013 2761 2327 2828 consensit
2380 2778 2453 2827 ut
2499 2786 2659 2845 cum·

728 2890 880 2953 rege
944 2862 1312 2950 Anglorum
1379 2862 1681 2950 loquatur
1744 2863 2084 2927 Dominica
2142 2864 2439 2949 proxima
2501 2877 2647 2947 post

733 2969 1184 3043 ascensionem,
1202 2979 1268 3032 et
1292 2965 1526 3032 secund
1536 2989 1645 3030 um
1676 2965 2018 3051 praedictas
2042 2965 2436 3029 conditiones
2456 2965 2649 3032 faciat

734 3093 976 3158 pacem.
1068 3070 1192 3134 Sed
1242 3069 1671 3136 Pictavienses
1714 3068 1773 3131 ei
1827 3079 2048 3153 postea
2097 3067 2428 3153 conquesti
2474 3082 2647 3147 sunt,

734 3172 914 3260 quod
946 3194 1058 3236 rex
1082 3170 1340 3256 Angliae
1370 3195 1477 3235 eos
1506 3169 1874 3236 transmisso
1903 3170 2190 3234 exercitu
2212 3172 2650 3257 expugnabat,

736 3274 887 3340 dum
923 3273 1118 3338 verba
1148 3271 1502 3338 concordiae
1543 3284 2010 3337 tractarentur:
2057 3271 2405 3336 exercitum
2437 3285 2650 3338 tamen

734 3377 1160 3456 confecerant,
1189 3390 1253 3441 et
1285 3376 1510 3442 ducem
1558 3376 1698 3460 ejus
1737 3374 2029 3439 comitem
2076 3375 2423 3440 Patricium
2454 3379 2649 3442 inter-

733 3479 1040 3558 fecerant,
1094 3479 1205 3544 sed
1256 3479 1464 3543 inviti.
1555 3478 1753 3542 Unde
1798 3500 1908 3542 rex
1959 3479 2246 3543 Francus
2299 3477 2667 3565 plurimum·

736 3596 951 3646 motus
980 3594 1100 3663 est,
1129 3580 1239 3646 sed
1284 3604 1364 3645 an
1410 3581 1531 3645 hoc
1578 3581 1891 3666 impedire
1923 3603 2139 3666 pacem
2171 3581 2371 3667 possit
2402 3585 2649 3668 ignoro,

736 3683 883 3749 licet
914 3707 1059 3748 eum
1095 3683 1403 3770 poeniteat
1435 3684 1525 3747 sic
1554 3683 1964 3748 consensisse.

825 3787 1149 3851 Caeterum
1179 3785 1588 3872 aliquatenus
1625 3785 1931 3850 inductus
1962 3784 2085 3849 fuit
2115 3786 2650 3871 contemplatione

737 3887 1113 3967 devotioniS,
1126 3911 1317 3974 quam
1339 3909 1551 3973 regem
1566 3886 1817 3973 Angliae
1832 3886 2130 3973 opinatus
2147 3898 2242 3951 est
2261 3887 2651 3974 concepisse:

739 4013 941 4076 quum
961 3991 1129 4054 enim
1149 3990 1315 4055 idem
1338 4014 1449 4055 rex
1470 4013 1589 4076 pro
1607 3989 2011 4056 reformanda
2029 3987 2148 4054 sibi
2165 4011 2345 4076 pace,
2355 3993 2655 4071 Francos,

738 4092 818 4156 de
846 4116 1119 4180 quorum
1163 4093 1440 4159 amicitia
1480 4093 1864 4172 confidebat,
1892 4096 2222 4179 operosius
2260 4090 2648 4171 sollicitaret,

741 4205 803 4256 et
872 4191 1146 4258 electum
1211 4195 1667 4258 Carnotensem
1728 4192 2053 4257 didicisset
2113 4191 2653 4257 christianissimo

747 4297 881 4380 regi
926 4293 1301 4359 familiarem
1346 4319 1479 4360 esse
1517 4318 1653 4382 prae
1698 4295 1963 4369 caeteris‚
1993 4317 2070 4359 eo
2101 4293 2278 4380 quod
2307 4292 2464 4358 alios
2490 4293 2712 4380 opti-‘

747 4409 948 4462 mates
967 4397 1338 4484 praecedere
1351 4398 1675 4464 creditur
1656 4419 1724 4462 m
1749 4397 1975 4463 timore
1994 4393 2255 4463 Domini
2275 4405 2339 4461 et
2355 4393 2667 4485 ῦμῄὲωξ

2362 4513 3008 4934 Α
