3384 5525
382 746 443 804 162
640 757 776 799 Jouuurs
792 752 1072 798 sunasnamausrs
1240 736 1285 815 [A.
1304 754 1335 798 n.

385 929 484 970 cerem
508 905 616 991 aliqua
639 904 772 968 dicenda
794 926 853 989 pro
874 916 931 967 tua
952 902 1082 988 quidem
1101 901 1258 967 utilitate:
1284 903 1337 966 sed

383 1030 490 1071 vereor
514 1031 554 1071 ne
578 1007 638 1070 sub
666 1017 827 1091 praetextu
854 1006 1017 1090 profectus
1043 1004 1149 1083 alieni,
1172 1004 1336 1090 proprium

382 1108 507 1172 viderer
521 1121 647 1193 captare
670 1112 805 1172 lucrum.
852 1107 942 1170 Nihil
964 1107 1046 1170 enim
1062 1119 1109 1171 est
1126 1119 1244 1191 praeter
1259 1107 1336 1170 cari·

354 1235 356 1239 ·
382 1222 492 1286 tatem,
509 1210 594 1295 quod
618 1210 659 1272 ab
681 1209 789 1271 amicis
811 1231 954 1272 censeam
977 1208 1183 1294 exigendum,
1199 1209 1257 1294 qui
1279 1231 1335 1294 per

381 1313 516 1395 gratiam
538 1311 600 1375 Dei
616 1325 647 1375 et
664 1325 805 1375 veterum
831 1310 1016 1389 amicorum,
1032 1311 1109 1374 satis
1131 1309 1279 1373 abundo:
1303 1324 1334 1374 et

381 1412 558 1497 apostolum
571 1412 667 1476 audio
676 1411 872 1487 suadentem,
883 1412 999 1474 nemini
1012 1411 1183 1496 quicquam
1193 1410 1334 1474 debeatis

381 1514 440 1577 nisi
457 1527 493 1578 ut
509 1514 643 1579 invicem
658 1513 807 1598 diligatis.
843 1515 1002 1578 Dominus
1018 1512 1257 1578 Cantuarieusis
1272 1534 1331 1575 non

382 1617 442 1681 sibi
459 1615 593 1693 laborat,
609 1617 663 1680 sed
687 1617 766 1692 aliis,
782 1616 859 1702 quia
882 1615 1043 1701 proiectus
1065 1617 1133 1702 ejus
1149 1614 1212 1680 Dei
1232 1614 1334 1699 gloria

380 1720 452 1799 erit,
464 1719 647 1804 triumphus
661 1718 810 1795 ecclesiae,
823 1718 897 1782 cleri
914 1719 1014 1782 totius
1028 1717 1182 1783 liberatio.
1211 1716 1332 1781 Militat
1366 1713 1372 1724 ’

382 1820 510 1906 quidem
532 1821 669 1906 publicae
693 1820 836 1895 utilitati,
853 1820 906 1883 sed
930 1819 1035 1883 adhuc
1057 1818 1225 1903 stipendiis
1249 1818 1329 1883 suis:

382 1922 478 1986 immo
493 1923 577 2009 quod
595 1935 772 1987 nostratum
789 1921 962 2007 ignominia
976 1935 1035 2000 est,
1051 1922 1155 2007 gentis
1170 1921 1290 1986 alienae.

467 2237 687 2300 EPISTOLA
716 2236 954 2299 ccclx-u>
972 2254 1184 2299 montereau
1200 2257 1244 2300 on

630 2356 803 2399 u‘ruoauu.
854 2336 899 2415 [A.
914 2357 945 2398 o.
966 2336 1071 2417 llos]

586 2497 674 2561 Idem
693 2498 867 2580 Rodulpbo
881 2498 921 2560 de
942 2498 1115 2578 Wiuyram.

421 2632 535 2694 Dnnrr
551 2631 621 2706 tibi,
638 2632 840 2697 dilectissime
856 2632 965 2711 frater,
982 2632 1029 2709 (ut
1048 2630 1154 2713 audio)
1173 2632 1331 2697 Dominus

377 2732 553 2800 sacerdotio
568 2733 672 2819 fungi,
689 2735 744 2799 sed
761 2735 882 2800 utinam
904 2735 1112 2822 promerearis
1132 2734 1249 2800 habere
1264 2737 1331 2800 lau·

375 2835 491 2900 demin
508 2836 634 2899 nomine
645 2836 726 2922 ejus.
760 2839 805 2901 Et
820 2837 949 2923 quidem
966 2859 1036 2922 spes
1051 2849 1109 2912 est,
1122 2836 1210 2921 quod
1226 2838 1330 2923 gratia

374 2962 448 3025 quae
461 2939 540 3004 tanti
553 2940 627 3004 boni
639 2939 764 3003 initium
777 2939 923 3014 contulit,
936 2938 1076 3002 conferet
1086 2937 1327 3017 incrementum,

373 3063 431 3106 nec
457 3055 555 3106 tantae
583 3041 811 3128 expectationis
841 3041 984 3128 plantam
1010 3039 1159 3106 Christus
1188 3042 1328 3126 patietur

372 3165 522 3218 arescere,
538 3143 594 3228 qui
611 3143 737 3206 bortum
754 3141 959 3229 protectionis
979 3164 1044 3206 suae
1059 3138 1233 3203 munimine
1254 3163 1328 3205 cou-

372 3242 495 3307 clusum
512 3242 655 3308 excolere
670 3244 783 3308 solitus
798 3256 845 3308 est
861 3256 892 3307 et
909 3244 1021 3328 rigare.
1053 3245 1135 3307 Eras
1149 3243 1327 3308 industrius

371 3342 455 3406 iuter
475 3358 694 3406 conterraneos
716 3359 747 3408 et
770 3357 946 3410 coaetaneos
969 3358 1042 3408 tuos
1061 3358 1134 3409 ante
1155 3347 1327 3431 promotio-

372 3466 455 3520 nem,
470 3458 502 3508 et
518 3444 775 3529 praesumendum
791 3458 838 3510 est
857 3445 897 3509 de
912 3446 1126 3510 misericordia
1149 3446 1222 3519 Dei,
1240 3447 1325 3533 quod

256 3600 277 3625 κ
367 3545 465 3630 juxta
478 3545 656 3631 apostolum
674 3545 783 3609 unctio
798 3547 867 3631 ejus
883 3560 914 3611 te
929 3547 970 3612 de
992 3548 1141 3612 omnibus
1155 3548 1325 3634 expedien-

371 3647 458 3711 tibus
473 3647 626 3711 edocebit.
671 3648 786 3712 Omuia
801 3661 920 3728 autem,
934 3673 1008 3736 quae
1027 3650 1180 3735 magistra
1195 3655 1325 3715 caritate

369 3747 463 3823 fiunt,
473 3747 663 3833 expediunt:
681 3747 754 3831 quia
764 3748 971 3834 diligentibus
981 3748 1085 3832 Deum
1096 3749 1202 3812 omnia
1212 3772 1323 3835 coope-

367 3862 481 3912 rantur
495 3852 526 3913 in
542 3848 672 3926 bonum,
687 3866 719 3914 et
734 3851 894 3914 oblectant
910 3853 1059 3915 animum.
1090 3852 1249 3924 Quoniam
1262 3851 1320 3914 hoc

367 3950 483 4036 cuique
499 3950 542 4014 sic
562 3951 685 4015 arbitrii
701 3951 786 4017 laxat
810 3953 959 4031 habenas,
974 3965 1010 4017 ut
1034 3964 1128 4037 agere
1150 3953 1244 4017 liceat
1267 3953 1321 4017 im-

366 4075 452 4140 pune
474 4053 562 4138 quod
585 4053 692 4117 libeat.
737 4055 819 4119 Haec
842 4067 878 4118 ut
902 4054 979 4117 mihi
1002 4054 1130 4117 dicendi
1153 4067 1320 4132 causaest,

365 4153 419 4233 sic,
434 4154 493 4217 tibi
509 4177 620 4237 precor
635 4157 662 4218 si
678 4167 782 4218 tamen
798 4155 950 4242 expedire
972 4155 1156 4233 credideris,
1173 4159 1256 4221 ratio
1279 4156 1318 4220 sit

363 4255 500 4321 consiliis
514 4255 748 4341 adquiescendi.
794 4262 955 4322 Dominus
978 4270 1054 4322 tuus
1075 4269 1106 4321 et
1129 4271 1223 4342 pater
1247 4271 1318 4322 tuus

363 4358 438 4421 exul
453 4370 484 4420 et
507 4358 703 4443 proscriptus
722 4381 780 4444 pro
796 4359 942 4424 libertate
966 4359 1105 4423 ecclesiae
1128 4381 1202 4422 cum
1225 4363 1317 4425 Petro
