3384 5525
739 808 954 893 1169.]
1097 895 1108 905 ·
1515 822 1848 871 EPISTOLAE
1859 856 1872 869 .
2517 814 2636 872 211

726 1082 1173 1149 EPISTOLA
1230 1078 1902 1143 CCLXXXIX.—An
1943 1098 2353 1141 coNVENTUM
2380 1098 2637 1160 §ANTU-

1234 1198 1597 1243 AMENsEM.
1686 1182 1779 1256 [A.
1805 1199 1863 1242 n.
1904 1180 2120 1259 1169.]

1220 1357 1403 1419 Idem
1438 1354 1797 1418 Conventui
1829 1356 2150 1419 Cantuar.

816 1498 1058 1559 DOLEo
1089 1489 1481 1555 dilectissimi
1527 1502 1592 1554 et
1622 1489 1967 1554 admodum
2015 1489 2198 1554 doleo
2241 1492 2306 1555 in
2352 1493 2450 1557 his
2495 1516 2640 1579 quae

727 1596 810 1661 de
840 1606 1055 1659 vestra
1082 1592 1482 1657 fraternitate
1510 1592 1682 1657 dicta
1713 1606 1860 1657 sunt
1904 1593 2083 1668 mihi,
2116 1594 2412 1678 quoniam
2449 1596 2644 1661 schis-

726 1708 904 1761 mata
930 1696 998 1759 in
1032 1694 1214 1759 vobis
1248 1705 1424 1768 sunt,
1456 1703 1528 1757 ut
1575 1714 1701 1755 non
1730 1691 1899 1756 idem
1944 1692 2231 1759 sentiatis
2260 1706 2372 1758 aut
2417 1694 2643 1760 dicatis

731 1797 801 1863 in
832 1796 1135 1862 Domino,
1212 1798 1379 1861 Nam
1418 1795 1521 1877 (ut
1566 1794 1744 1857 aiunt
1789 1793 1902 1879 qui
1944 1797 2478 1859 conversationem
2511 1819 2641 1860 ves-

737 1913 903 1966 tram
935 1896 1317 1963 familiarius
1345 1895 1691 1981 inspexisse
1723 1908 1787 1959 et
1817 1895 2242 1981 perspicacius
2270 1897 2650 1962 intellexisse

733 2000 1119 2082 creduntur)
1172 1998 1335 2063 alius
1386 2010 1673 2062 vestrum
1724 1996 1903 2077 dicit,
1936 1999 2081 2084 Ego
2113 2021 2250 2062 sum
2299 1998 2484 2083 regiS,
2527 2022 2648 2084 ego

729 2101 1100 2188 Ranulphi:
1149 2124 1270 2185 ego
1299 2100 1625 2164 fortunam
1648 2122 1900 2185 sequar,
1927 2113 1991 2164 et
2016 2099 2414 2164 vincentibus
2436 2101 2648 2166 adhae-

727 2203 906 2269 rebo,
998 2203 1180 2266 Inter
1224 2201 1362 2264 haec
1407 2221 1590 2264 rarus
1632 2200 1981 2264 admodum
2012 2213 2132 2279 est,
2165 2202 2217 2265 si
2258 2202 2404 2287 quis
2435 2213 2643 2267 tamen

727 2305 843 2393 qui
874 2328 1007 2370 suae
1031 2302 1437 2389 professionis
1470 2325 1730 2384 memor,
1753 2304 2293 2388 archiepiscopum
2325 2304 2430 2367 cui
2460 2328 2645 2390 opor-

728 2419 863 2473 teat
891 2404 1143 2471 obediri
1167 2427 1232 2468 se
1253 2403 1489 2467 recolat
1519 2403 1793 2468 habere:
1844 2405 1958 2489 qui
1980 2404 2245 2468 verbum
2281 2404 2404 2469 Dei
2429 2405 2648 2491 loqua-

729 2521 842 2574 tur
871 2530 1018 2573 cum
1052 2505 1323 2571 fiducia:
1388 2506 1501 2591 qui
1531 2505 1785 2592 publice
1828 2506 2163 2593 protestari
2194 2506 2428 2573 audeat
2472 2509 2645 2593 quod

732 2615 878 2677 Deo
906 2610 1127 2697 potius
1154 2620 1408 2694 oportet
1440 2630 1634 2694 quam
1677 2607 2043 2673 hominibus
2069 2609 2346 2676 obedire.
2438 2611 2648 2674 Miror

735 2712 811 2795 (si
857 2724 1070 2778 tamen
1117 2733 1269 2775 vera
1313 2722 1462 2775 sunt
1508 2733 1657 2798 quae
1703 2710 2032 2794 dicuntur)
2081 2725 2146 2776 et
2192 2712 2435 2777 utinam
2488 2712 2648 2776 falsa

730 2827 1135 2903 apparerent,
1194 2812 1375 2898 quod
1427 2813 1514 2877 sic
1570 2825 1701 2876 tam
1759 2817 1886 2878 cito
1948 2814 2396 2877 transferimini
2451 2836 2490 2877 a
2546 2813 2649 2877 via

734 2917 999 2983 Domini
1032 2916 1097 2980 in
1141 2914 1319 2980 aliud
1350 2915 1774 2998 Evangelium
1808 2915 1984 3000 quod
2015 2914 2291 2978 ecclesiae
2319 2913 2647 2980 catholicae

736 3021 1059 3086 subvertit
1088 3019 1555 3095 auctoritatem,
1586 3029 1650 3082 et
1697 3017 1784 3080 eis
1815 3017 1928 3103 qui
1974 3015 2214 3080 meritis
2242 3015 2649 3100 exigentibus

739 3121 1042 3187 Sathanae
1060 3119 1283 3185 traditi
1302 3131 1475 3196 sunt,
1494 3118 1789 3204 indulget
1811 3120 2316 3182 communionem
2328 3117 2640 3184 fidelium:

736 3236 802 3289 et
832 3225 915 3289 ad
947 3220 1353 3309 participium
1398 3219 1745 3306 voluptatis
1790 3232 1902 3283 aut
1943 3218 2106 3283 lucri
2149 3242 2296 3283 cum
2330 3220 2649 3305 praedoni-

737 3327 883 3405 buS,
902 3325 1179 3404 furibus,
1200 3323 1696 3387 fornicatoribus
1727 3334 1793 3385 et
1816 3322 2170 3385 simoniacis
2199 3323 2385 3387 docet
2414 3323 2652 3409 iniqui-

736 3427 893 3492 tatis
920 3446 1156 3510 ponere
1196 3423 1574 3509 portionem.
1651 3422 1842 3500 Quod
1882 3423 2145 3508 quidem
2175 3424 2327 3488 inde
2366 3424 2650 3489 creditur

737 3528 1048 3609 evenisse,
1072 3525 1248 3613 quod
1296 3538 1441 3590 sunt
1487 3523 1687 3610 aliqui
1731 3525 1793 3588 in
1841 3548 2096 3611 corpore
2140 3537 2353 3591 vestro
2400 3526 2507 3612 qui
2539 3550 2654 3591 vos

740 3629 1161 3694 conturbant:
1204 3639 1269 3691 et
1286 3627 1394 3691 alii
1413 3628 1571 3690 foris
1588 3624 1703 3712 qui
1726 3648 1893 3690 caeca
1909 3627 2089 3691 ducti
2109 3627 2472 3708 ambitione,
2494 3627 2649 3691 dum

742 3731 927 3796 vobis
970 3740 1289 3817 appetunt
1327 3729 1666 3805 dominari,
1722 3728 1975 3792 blandis
2031 3729 2563 3816 promissionibus
2615 3754 2656 3796 a

737 3833 1183 3898 conformitate
1211 3830 1451 3896 ordinis
1483 3831 1673 3896 vestri
1718 3844 1783 3895 et
1810 3830 2147 3918 exquisitis
2191 3832 2353 3896 dolis
2383 3833 2654 3898 circum-

738 3935 1007 3999 veniunt
1036 3933 1459 3998 innocentiam
1502 3944 1798 3997 vestram.
1891 3931 2015 3997 Sed
2046 3933 2097 3997 si
2144 3956 2268 3997 non
2299 3935 2452 3999 estis
2494 3935 2656 4001 adeo

742 4035 975 4101 mentis
1005 4035 1286 4122 stupidae
1315 4047 1392 4100 ut
1421 4034 1787 4100 brutissima
1816 4035 2112 4118 animalia
2141 4036 2491 4103 stoliditate
2519 4038 2658 4103 vin-

741 4142 922 4216 catis,
955 4137 1094 4204 luce
1124 4138 1358 4202 clarius
1387 4139 1655 4224 potestis
1697 4138 1936 4203 intueri
1966 4137 2030 4202 in
2063 4161 2247 4225 quem
2295 4141 2483 4201 finem
2515 4141 2660 4205 illn-

740 4264 883 4306 rum
926 4241 1254 4307 molimina
1294 4239 1674 4325 dirigantur.
1766 4242 1936 4305 Ecce
1979 4241 2143 4306 enim
2195 4241 2487 4305 Lundnn'
2536 4313 2585 4335 η’

740 4343 1081 4431 episcopus
1102 4344 1361 4430 publice
1392 4366 1516 4408 non
1548 4343 1680 4408 sine
1710 4343 1930 4408 dolore
1951 4341 2235 4409 fidelium
2267 4353 2411 4429 prul:
2472 4407 2473 4410 ,

740 4460 857 4524 est,
890 4445 1066 4533 quod
1099 4449 1325 4531 primae
1352 4445 1829 4510 Britanniarum
1856 4443 2323 4527 sedi,videlinet
2343 4445 2439 4513 Gn
2458 4445 2471 4458 ⁴²
2498 4508 2508 4519 ἶ

1654 4567 1696 4611 P
1725 4553 1766 4610 2
