3384 5525
240 776 352 855 lina]
626 796 804 841 caterona.
1131 785 1191 844 145

237 945 344 1010 minus
354 958 595 1031 promeruerant
609 945 650 1009 ad
660 946 798 1030 justitiae
812 946 1059 1011 subversionem.
1098 949 1190 1012 Nun-

236 1046 306 1111 cius
328 1044 450 1110 domini
464 1046 597 1110 Joannis
620 1046 835 1133 Neapolitani,
856 1047 943 1131 quod
965 1070 1073 1133 regem
1089 1048 1190 1112 Fran-

235 1168 346 1211 corum
361 1170 424 1211 non
439 1146 546 1222 latuit,
561 1170 580 1211 a
594 1148 705 1212 castris
724 1149 804 1233 ejus,
820 1170 920 1233 quum
941 1171 1080 1211 essemus
1100 1150 1185 1235 apud

236 1248 384 1314 Mentem
411 1248 606 1324 Mirabilem,
628 1248 774 1314 transivit
796 1249 838 1313 ad
861 1272 966 1334 regem
991 1248 1132 1333 Angliae,
1155 1263 1188 1315 et

234 1348 391 1435 quosdam
406 1348 485 1413 alios
498 1348 638 1413 ecclesiae
653 1363 910 1434 persequutores.
956 1349 1023 1411 Viri
1040 1347 1189 1435 religiosi,

235 1450 292 1534 qui
315 1462 401 1516 stant
423 1473 493 1515 cum
516 1472 591 1535 rege
607 1449 747 1536 Angliae,
763 1449 893 1537 qnando
914 1449 1084 1515 audierunt
1107 1474 1188 1537 prae-

233 1552 317 1616 fatas
339 1550 460 1629 literas,
483 1550 655 1616 doluerunt
682 1574 779 1637 supra
802 1552 946 1629 modum,
968 1564 1000 1615 et
1023 1552 1189 1639 imprecati

234 1663 310 1716 sunt
324 1653 445 1717 Joanni
464 1650 688 1737 Neapolitano,
703 1666 735 1716 et
756 1653 875 1716 Joanni
890 1652 1023 1715 Joaunis
1037 1667 1069 1715 et
1086 1653 1189 1733 Pauli,

234 1754 291 1840 qui
306 1754 494 1819 dicebantur
511 1753 674 1818 seduxisse
688 1753 853 1819 dominum
869 1776 994 1839 papam.
1033 1752 1189 1839 Magister

236 1856 423 1921 Gaufredus
437 1856 655 1936 Pictaviensin
669 1855 802 1920 clericus
816 1854 936 1919 domini
948 1855 1104 1920 Willelmi
1119 1879 1187 1920 car·

235 1957 361 2036 dinalis,
377 1981 439 2022 non
459 1961 616 2022 consensit
637 1956 778 2036 consilio,
798 1976 831 2022 et
852 1956 976 2021 actibus
996 1957 1184 2021 nunciorum

234 2060 328 2145 regis,
347 2061 499 2147 quoniam
521 2072 684 2147 exspectat
707 2059 826 2145 etipse
848 2083 982 2146 regnum
1006 2059 1077 2126 Dei.
1124 2061 1186 2124 Sed

233 2160 338 2247 palam
348 2172 545 2248 protestatus
556 2173 615 2240 est,
623 2159 694 2223 illos
703 2183 769 2224 esse
778 2162 936 2247 perjurm,
945 2175 976 2226 et
986 2162 1186 2226 anathemate

232 2262 469 2342 condemnatos,
480 2263 754 2348 quiajuraverant
766 2261 845 2325 illud
863 2262 1047 2327 mandatum
1064 2263 1188 2330 domini

231 2387 326 2451 papae
348 2375 504 2428 secretum
522 2364 600 2437 fore,
616 2365 725 2449 eisque
745 2363 776 2426 in
799 2364 917 2428 virtute
938 2365 1138 2444 obedientiae,
1153 2378 1186 2429 et

231 2468 291 2532 sub
302 2467 504 2533 anathemate
514 2466 696 2554 injunxerat
708 2465 856 2532 dominus
867 2490 960 2554 papa,
971 2483 1007 2533 ut
1019 2467 1183 2533 celaretur.

233 2569 287 2635 Illi
304 2594 391 2651 vero,
405 2582 441 2635 ut
457 2592 515 2634 nos
529 2568 782 2657 contemptibiles
796 2570 944 2635 omnibus
959 2571 1137 2649 redderent,
1153 2585 1185 2635 et

231 2671 456 2738 subtraherent
472 2671 584 2736 solatia
606 2672 792 2750 amicorum,
808 2673 900 2757 quasi
923 2671 963 2737 de
987 2695 1062 2758 pace
1076 2689 1185 2739 nostra

230 2774 480 2862 desperantium,
496 2797 567 2840 cum
591 2798 665 2858 rege
687 2798 745 2839 suo
768 2775 947 2861 triumphos
967 2800 1032 2841 suae
1055 2778 1185 2843 malitiae

228 2889 463 2964 praeconantur,
478 2877 519 2942 de
533 2877 717 2942 confusione
732 2877 870 2942 ecclesiae
884 2878 1065 2960 gloriantes.
1111 2880 1185 2943 Uti-

228 3001 302 3044 nam
319 2979 383 3045 sint
397 3003 488 3046 aures
503 2979 712 3044 cardinalium
724 2979 765 3044 ad
780 3001 836 3042 ora
847 2981 1054 3057 Francorum,
1065 2980 1184 3066 quibus

230 3085 395 3147 occasione
410 3080 499 3146 verbi
516 3081 615 3168 hujus
635 3080 667 3144 in
689 3081 893 3166 proverbium
910 3081 1063 3146 vertitur:
1090 3086 1185 3159 Quod

227 3187 365 3249 melesio
383 3187 549 3268 principes
573 3187 718 3269 nfideles
742 3188 822 3248 sunt
842 3186 919 3248 socii
929 3186 1062 3268 surum.
1107 3189 1183 3251 Per-

228 3286 365 3351 mittunt
386 3289 468 3351 enim
493 3299 525 3351 et
551 3299 704 3372 praestant
727 3288 947 3351 auctoritatem
972 3302 1182 3374 persequuto-

226 3387 316 3452 ribus
330 3385 470 3450 ecclesiae
486 3397 666 3462 concutere,
679 3385 826 3472 spoliare,
841 3399 874 3450 et
889 3386 1067 3474 depraedari
1083 3394 1181 3474 patri·

226 3487 368 3553 monium
394 3486 540 3551 crucifixi
569 3487 610 3551 ad
644 3487 756 3551 nefarii
785 3486 865 3551 lucri
894 3489 1179 3576 participationem.

226 3589 362 3654 Utinam
393 3587 699 3653 Christianissimum
734 3612 839 3674 regem
870 3591 1024 3656 audiretis
1052 3606 1084 3657 et
1114 3616 1181 3672 vos,

226 3712 322 3776 quem
347 3691 444 3754 timeo
464 3689 506 3752 de
528 3703 644 3754 caetero
666 3691 806 3754 revocari
828 3713 890 3753 non
913 3714 1015 3777 posse,
1039 3693 1115 3779 quin
1138 3692 1179 3756 ad

225 3813 335 3878 preces
349 3789 552 3876 imperatoris
573 3793 657 3854 inter
677 3788 792 3853 liberos
812 3812 919 3854 eorum
943 3793 1178 3856 matrimonium

224 3890 444 3957 contrahatur.
491 3892 564 3955 Hoc
590 3892 673 3955 enim
699 3904 848 3977 procurat
873 3915 978 3957 comes
1006 3895 1180 3973 Henricus,

224 4006 255 4058 et
278 4003 386 4078 sperat
409 4015 443 4056 se
467 3991 533 4056 voti
557 4004 734 4077 compotem
761 3992 839 4058 fore.
884 3997 935 4057 De
957 4009 1072 4060 caetero
1094 4018 1179 4059 nunc

224 4117 334 4180 quaeso
363 4084 517 4180 appareat
547 4092 716 4169 industria,
746 4107 779 4159 et
809 4094 975 4180 diligentia
1004 4111 1117 4177 vestra,
1147 4111 1179 4161 et

224 4195 374 4260 dominus
389 4218 475 4281 papa
489 4193 577 4280 quod
595 4194 676 4280 justi
689 4194 810 4280 judicis
824 4212 871 4259 est
886 4213 1073 4283 exequatur.
1116 4198 1181 4262 Ab·

222 4296 325 4362 solvat
340 4297 577 4376 innnocentem‚
597 4296 652 4381 qui
675 4297 742 4360 sine
765 4297 912 4382 exemplo
934 4300 1053 4383 ligatus
1072 4313 1130 4373 est,
1147 4314 1179 4362 et

220 4398 410 4464 condemnet
426 4398 574 4486 impium,
591 4400 695 4484 quise
716 4398 926 4485 persequendi
942 4400 1101 4464 ecclesiam
1119 4404 1179 4465 toti

264 4521 339 4566 von.
358 4521 395 4564 11.
690 4519 710 4564 a
