3384 5525
363 757 404 816 70
629 769 765 814 maurus
780 767 1056 813 saansnarususrs
1225 752 1268 831 [s.
1285 770 1315 816 n.

366 924 537 987 veniebant
559 922 592 984 in
615 943 654 984 ea
675 920 877 1004 plenitudine
898 920 1076 1005 potestatis,
1098 932 1136 986 ut
1156 922 1316 1003 abrogatis

364 1026 416 1088 his
432 1048 505 1108 quae
519 1045 604 1089 nunc
620 1023 738 1104 vigent,
753 1023 878 1106 possint
892 1045 975 1086 nova
989 1023 1128 1087 condere
1138 1024 1223 1108 jura.

408 1124 507 1187 Proui
528 1134 617 1187 erant
639 1122 787 1186 homines
810 1123 852 1186 ad
876 1121 1082 1202 credendum,
1103 1123 1249 1187 videntes
1270 1146 1318 1187 as·

366 1226 494 1289 sartoris
525 1226 679 1288 annulum
709 1234 741 1289 et
769 1226 934 1301 honorem,
961 1235 993 1288 ct
1019 1226 1106 1307 quia,
1132 1226 1318 1291 convocatis

366 1326 527 1408 episcopis
557 1325 590 1387 in
621 1324 761 1388 adventu
790 1324 861 1408 ejus
896 1326 1168 1389 excommunicati
1198 1325 1318 1389 domini

365 1427 603 1491 cantuariensis
628 1427 767 1489 absoluti
793 1437 867 1490 sunt
896 1428 1136 1510 impoenitentes
1161 1438 1195 1490 et
1216 1428 1318 1511 ipsius

364 1540 526 1592 evacuatae
541 1529 719 1592 sententiae.
740 1530 791 1591 De
806 1529 889 1592 lacto
904 1528 1036 1610 inquam
1052 1529 1201 1592 absoluti.
1225 1529 1316 1593 Certe

364 1630 470 1695 adhuc
486 1631 577 1712 ligati
591 1640 666 1692 sunt
681 1639 754 1693 ante
771 1631 884 1693 oculos
900 1630 1044 1708 Domini,
1060 1630 1116 1713 qui
1131 1630 1317 1694 criminosos

365 1733 605 1817 impoenitentes
639 1752 806 1815 nunquam
843 1732 990 1794 absolvit.
1047 1731 1184 1795 Constat
1213 1744 1318 1795 autem

366 1835 406 1898 de
421 1834 655 1918 impoenitentia
674 1833 749 1917 quia
764 1854 825 1896 nec
850 1833 1050 1897 satisfaciunt
1070 1855 1168 1916 quum
1185 1835 1318 1915 possint,

365 1958 426 1999 nec
453 1933 573 2017 aliquid
598 1936 770 1997 restituunt
799 1936 988 1998 ablatorum.
1042 1935 1191 1999 Profecto
1217 1936 1245 1998 si
1271 1956 1318 1998 res

366 2039 474 2101 ablata
502 2036 592 2098 reddi
628 2045 746 2118 potest,
777 2049 810 2099 et
839 2058 907 2099 non
937 2035 1091 2114 redditur,
1119 2058 1187 2099 non
1218 2039 1319 2119 agitur

365 2137 565 2221 poenitentia,
580 2136 637 2199 sed
658 2136 794 2217 fingitur.
840 2140 933 2201 Vana
953 2147 1028 2202 sunt
1047 2138 1117 2200 haec
1134 2138 1243 2201 sinon
1264 2136 1318 2202 ad·

365 2240 429 2302 huc
451 2237 689 2300 Cantuariensis
709 2238 857 2300 ecclesiae
878 2238 1136 2322 possessionibus
1154 2239 1318 2315 incubant,

367 2341 394 2403 si
417 2339 514 2402 alicui
536 2348 679 2401 nostrum
702 2337 741 2401 de
766 2348 813 2401 tot
834 2349 867 2402 et
888 2338 986 2402 tantis
1009 2339 1126 2428 ablatis
1141 2341 1191 2404 rel
1206 2341 1320 2404 obolus

365 2441 528 2505 restitutus
543 2451 601 2516 est,
612 2440 675 2502 nisi
691 2440 823 2523 illisqui
837 2454 919 2503 retro
935 2442 1082 2505 abierunt
1096 2451 1128 2504 et
1137 2440 1318 2524 juramento

365 2542 507 2625 praestito
531 2541 733 2604 firmaverunt
758 2542 820 2603 sibi
839 2542 912 2624 jure
935 2543 1019 2623 regis
1044 2564 1114 2605 esse
1138 2542 1318 2610 vivendum.

365 2646 438 2707 Nec
452 2655 558 2706 tamen
580 2653 629 2704 cst
650 2642 739 2725 quod
760 2643 922 2706 sanctitati
939 2656 1049 2707 vestrae
1070 2646 1125 2707 illa
1144 2666 1211 2707 non
1226 2645 1316 2707 abso·

365 2745 455 2820 luti0,
473 2742 529 2807 sed
540 2741 623 2826 juris
637 2742 743 2806 illusio
760 2741 877 2807 debeat
896 2744 1056 2828 imputari,
1072 2767 1170 2830 quum
1186 2744 1219 2808 in
1236 2745 1317 2808 frau-

365 2847 437 2910 dem
453 2844 596 2908 maudati
612 2844 708 2906 vestri
723 2865 789 2906 non
810 2854 875 2906 tam
895 2845 1037 2926 praestita
1052 2845 1104 2925 sit,
1120 2867 1215 2929 quarn
1232 2866 1316 2909 com·

334 2937 337 2942 ¹
365 2949 471 3011 missa.
515 2944 726 3009 Indulseratis
741 2944 838 3020 enim,
854 2953 891 3006 ut
905 2944 932 3007 si
948 2966 1042 3028 quem
1064 2965 1174 3008 eorum
1191 2945 1315 3026 aegritu·

367 3049 441 3112 dine
454 3049 598 3111 laborare
616 3046 825 3128 contingeret,
841 3045 952 3108 mortis
972 3045 1160 3110 imminente
1176 3047 1318 3129 periculo

365 3150 508 3231 praestito
522 3149 705 3229 juramento
722 3145 899 3211 secundum
922 3168 1043 3211 morem
1064 3147 1212 3212 ecclesia
1232 3147 1317 3233 quod

365 3260 470 3312 vestro
494 3248 643 3311 mandato
674 3261 808 3332 pareret,
835 3259 911 3313 tnnc
937 3247 1066 3311 demum
1093 3250 1320 3314 absolveretur·

367 3351 406 3412 ln
423 3368 487 3430 quo
502 3348 647 3410 ecclesiae
666 3349 730 3410 Dei
750 3361 783 3410 et
803 3349 899 3411 nobis
915 3358 1122 3432 prospectum
1137 3372 1208 3415 esse
1224 3348 1320 3415 voluit

366 3448 509 3529 dignatio
532 3460 644 3511 vestra.
691 3448 742 3510 Illi
764 3462 871 3513 autern
898 3451 1021 3513 absolvi
1048 3450 1115 3514 doli
1140 3453 1318 3534 patrocinio

365 3560 558 3623 meruerunt,
578 3549 765 3613 simulantes
788 3572 822 3614 se
844 3552 878 3614 in
901 3552 1010 3614 mortis
1032 3553 1178 3634 periculo
1194 3555 1320 3632 versari,

365 3651 442 3736 quia
456 3651 502 3714 eis
517 3649 557 3713 de
574 3650 725 3714 mandato
748 3653 883 3716 Domini
906 3654 990 3736 regis
1004 3654 1195 3717 imminebat
1209 3677 1318 3719 neces·

365 3755 442 3817 sitas
458 3753 692 3817 transfretandi.
739 3752 837 3817 Unde
853 3755 930 3836 qnia
952 3755 1004 3819 ille
1021 3755 1076 3838 qui
1091 3756 1244 3834 absolvit,
1258 3777 1317 3820 nec

364 3854 553 3918 ordinariam
583 3855 723 3918 habebat
752 3866 954 3937 potestatem,
982 3874 1043 3921 nec
1071 3879 1091 3921 a
1118 3857 1211 3921 vobis
1239 3879 1317 3942 prar-

364 3957 514 4038 scriptam
538 3956 671 4018 servarit
693 3956 838 4031 sormam,
861 3957 970 4034 credo,
986 3959 1013 4020 si
1030 3958 1120 4021 vobis
1142 3959 1234 4022 aliter
1254 3980 1318 4021 non

363 4058 497 4130 videtur,
521 4056 668 4120 collatam
691 4059 926 4122 absolutionem
949 4060 1080 4144 dejure
1103 4081 1170 4124 non
1194 4072 1319 4136 tenere;

362 4173 394 4223 et
414 4160 487 4222 illos
507 4159 653 4221 ecclesiae
675 4180 860 4241 pervasores
875 4162 906 4223 in
924 4163 1074 4225 anteriori
1097 4184 1229 4225 manere
1250 4183 1318 4225 sen·

362 4262 472 4326 tentia.
518 4261 603 4322 Nam
626 4260 671 4322 illi
695 4262 750 4342 qui
768 4262 859 4325 robis
881 4260 1046 4326 illudendo
1064 4264 1267 4328 Gallicanam
1289 4273 1319 4326 et

361 4365 572 4446 Anglicauam
610 4364 762 4427 ccclesias
806 4365 1057 4429 scandalizando
1100 4368 1250 4446 peccavit
1285 4366 1316 4426 in
