<?xml version="1.0" encoding="UTF-8"?>
<!DOCTYPE html PUBLIC "-//W3C//DTD XHTML 1.0 Transitional//EN"
    "http://www.w3.org/TR/xhtml1/DTD/xhtml1-transitional.dtd">
<html xmlns="http://www.w3.org/1999/xhtml" xml:lang="en" lang="en">
 <head>
  <title>
</title>
<meta http-equiv="Content-Type" content="text/html;charset=utf-8" />
  <meta name='ocr-system' content='tesseract 3.04.00' />
  <meta name='ocr-capabilities' content='ocr_page ocr_carea ocr_par ocr_line ocrx_word'/>
</head>
<body>
  <div class='ocr_page' id='page_1' title='image "./joannissaresber05johngoog_0068.png"; bbox 0 0 3384 5525; ppageno 0'>
   <div class='ocr_carea' id='block_1_1' title="bbox 360 769 1317 847">
    <p class='ocr_par' dir='ltr' id='par_1_1' title="bbox 360 769 1317 847">
     <span class='ocr_line' id='line_1_1' title="bbox 360 769 1317 847; baseline -0.003 -12"><span class='ocrx_word' id='word_1_1' title='bbox 360 780 402 837; x_wconf 82' lang='lat'>50</span> <span class='ocrx_word' id='word_1_2' title='bbox 616 790 751 835; x_wconf 77' lang='lat' dir='ltr'>Joaurus</span> <span class='ocrx_word' id='word_1_3' title='bbox 768 787 1045 833; x_wconf 75' lang='lat' dir='ltr'>saansnnrunusis</span> <span class='ocrx_word' id='word_1_4' title='bbox 1222 769 1267 847; x_wconf 73' lang='lat' dir='ltr'>[A.</span> <span class='ocrx_word' id='word_1_5' title='bbox 1286 789 1317 832; x_wconf 90' lang='lat' dir='ltr'>n.</span> 
     </span>
    </p>
   </div>
   <div class='ocr_carea' id='block_1_2' title="bbox 366 939 1322 1534">
    <p class='ocr_par' dir='ltr' id='par_1_2' title="bbox 366 939 1322 1534">
     <span class='ocr_line' id='line_1_2' title="bbox 366 939 1322 1026; baseline -0.005 -19"><span class='ocrx_word' id='word_1_6' title='bbox 366 954 403 1007; x_wconf 92' lang='lat' dir='ltr'>ut</span> <span class='ocrx_word' id='word_1_7' title='bbox 417 943 624 1026; x_wconf 76' lang='lat' dir='ltr'>appellationi</span> <span class='ocrx_word' id='word_1_8' title='bbox 638 942 851 1018; x_wconf 82' lang='lat' dir='ltr'>renunciaret,</span> <span class='ocrx_word' id='word_1_9' title='bbox 866 939 923 1003; x_wconf 90' lang='lat' dir='ltr'>sed</span> <span class='ocrx_word' id='word_1_10' title='bbox 946 939 1083 1023; x_wconf 90' lang='lat' dir='ltr'>quadam</span> <span class='ocrx_word' id='word_1_11' title='bbox 1103 941 1322 1003; x_wconf 78' lang='lat' dir='ltr'>inconstantia</span> 
     </span>
     <span class='ocr_line' id='line_1_3' title="bbox 368 1040 1320 1127; baseline 0 -24"><span class='ocrx_word' id='word_1_12' title='bbox 368 1044 455 1106; x_wconf 89' lang='lat' dir='ltr'>verbi</span> <span class='ocrx_word' id='word_1_13' title='bbox 478 1056 510 1107; x_wconf 89' lang='lat' dir='ltr'>et</span> <span class='ocrx_word' id='word_1_14' title='bbox 531 1044 636 1127; x_wconf 91' lang='lat' dir='ltr'>operis</span> <span class='ocrx_word' id='word_1_15' title='bbox 651 1043 852 1106; x_wconf 90' lang='lat' dir='ltr'>dissimulata</span> <span class='ocrx_word' id='word_1_16' title='bbox 873 1040 989 1125; x_wconf 88' lang='lat' dir='ltr'>injuria</span> <span class='ocrx_word' id='word_1_17' title='bbox 1004 1041 1241 1124; x_wconf 67' lang='lat' dir='ltr'>appellationis</span> <span class='ocrx_word' id='word_1_18' title='bbox 1257 1062 1320 1123; x_wconf 89' lang='lat' dir='ltr'>qna</span> 
     </span>
     <span class='ocr_line' id='line_1_4' title="bbox 369 1142 1317 1229; baseline -0.003 -22"><span class='ocrx_word' id='word_1_19' title='bbox 369 1166 403 1207; x_wconf 90' lang='lat' dir='ltr'>se</span> <span class='ocrx_word' id='word_1_20' title='bbox 427 1157 540 1223; x_wconf 89' lang='lat' dir='ltr'>tuetur,</span> <span class='ocrx_word' id='word_1_21' title='bbox 566 1146 702 1229; x_wconf 93' lang='lat' dir='ltr'>opponit</span> <span class='ocrx_word' id='word_1_22' title='bbox 726 1145 853 1207; x_wconf 88' lang='lat' dir='ltr'>obicem</span> <span class='ocrx_word' id='word_1_23' title='bbox 880 1142 1083 1225; x_wconf 86' lang='lat' dir='ltr'>corripienti:</span> <span class='ocrx_word' id='word_1_24' title='bbox 1108 1154 1260 1205; x_wconf 90' lang='lat' dir='ltr'>ettamen</span> <span class='ocrx_word' id='word_1_25' title='bbox 1277 1143 1317 1204; x_wconf 92' lang='lat' dir='ltr'>si-</span> 
     </span>
     <span class='ocr_line' id='line_1_5' title="bbox 367 1240 1321 1328; baseline -0.004 -19"><span class='ocrx_word' id='word_1_26' title='bbox 367 1244 1114 1310; x_wconf 83' lang='lat' dir='ltr'>mulatahumilitatisreverentiamisericordiam</span> <span class='ocrx_word' id='word_1_27' title='bbox 1122 1246 1210 1328; x_wconf 71' lang='lat' dir='ltr'>petit·</span> <span class='ocrx_word' id='word_1_28' title='bbox 1229 1240 1321 1307; x_wconf 90' lang='lat' dir='ltr'>Nihil</span> 
     </span>
     <span class='ocr_line' id='line_1_6' title="bbox 366 1346 1318 1431; baseline -0.001 -22"><span class='ocrx_word' id='word_1_29' title='bbox 366 1348 454 1411; x_wconf 85' lang='lat' dir='ltr'>aliud</span> <span class='ocrx_word' id='word_1_30' title='bbox 478 1371 551 1431; x_wconf 88' lang='lat' dir='ltr'>erge</span> <span class='ocrx_word' id='word_1_31' title='bbox 575 1352 614 1411; x_wconf 93' lang='lat' dir='ltr'>ab</span> <span class='ocrx_word' id='word_1_32' title='bbox 643 1371 681 1412; x_wconf 94' lang='lat' dir='ltr'>eo</span> <span class='ocrx_word' id='word_1_33' title='bbox 712 1358 817 1430; x_wconf 88' lang='lat' dir='ltr'>potest</span> <span class='ocrx_word' id='word_1_34' title='bbox 841 1347 958 1430; x_wconf 90' lang='lat' dir='ltr'>aliquis</span> <span class='ocrx_word' id='word_1_35' title='bbox 984 1347 1165 1430; x_wconf 89' lang='lat' dir='ltr'>impetrare,</span> <span class='ocrx_word' id='word_1_36' title='bbox 1194 1346 1257 1409; x_wconf 91' lang='lat' dir='ltr'>nisi</span> <span class='ocrx_word' id='word_1_37' title='bbox 1283 1356 1318 1408; x_wconf 91' lang='lat' dir='ltr'>ut</span> 
     </span>
     <span class='ocr_line' id='line_1_7' title="bbox 367 1448 1317 1534; baseline -0.003 -21"><span class='ocrx_word' id='word_1_38' title='bbox 367 1452 555 1534; x_wconf 88' lang='lat' dir='ltr'>episcopum</span> <span class='ocrx_word' id='word_1_39' title='bbox 577 1452 617 1513; x_wconf 89' lang='lat' dir='ltr'>ab</span> <span class='ocrx_word' id='word_1_40' title='bbox 647 1448 860 1534; x_wconf 85' lang='lat' dir='ltr'>appellatione</span> <span class='ocrx_word' id='word_1_41' title='bbox 885 1448 1097 1527; x_wconf 85' lang='lat' dir='ltr'>recedentem,</span> <span class='ocrx_word' id='word_1_42' title='bbox 1127 1461 1158 1511; x_wconf 92' lang='lat' dir='ltr'>et</span> <span class='ocrx_word' id='word_1_43' title='bbox 1189 1451 1317 1531; x_wconf 90' lang='lat' dir='ltr'>culpam</span> 
     </span>
    </p>
   </div>
   <div class='ocr_carea' id='block_1_3' title="bbox 365 1549 1319 1731">
    <p class='ocr_par' dir='ltr' id='par_1_3' title="bbox 365 1549 1319 1731">
     <span class='ocr_line' id='line_1_8' title="bbox 365 1549 1319 1636; baseline -0.004 -21"><span class='ocrx_word' id='word_1_44' title='bbox 365 1554 496 1635; x_wconf 88' lang='lat' dir='ltr'>publice</span> <span class='ocrx_word' id='word_1_45' title='bbox 511 1552 721 1636; x_wconf 86' lang='lat' dir='ltr'>profitentem,</span> <span class='ocrx_word' id='word_1_46' title='bbox 733 1563 765 1614; x_wconf 91' lang='lat' dir='ltr'>et</span> <span class='ocrx_word' id='word_1_47' title='bbox 780 1551 819 1613; x_wconf 89' lang='lat' dir='ltr'>de</span> <span class='ocrx_word' id='word_1_48' title='bbox 835 1564 949 1614; x_wconf 81' lang='lat' dir='ltr'>eaetero</span> <span class='ocrx_word' id='word_1_49' title='bbox 960 1549 1162 1613; x_wconf 83' lang='lat' dir='ltr'>obedientem</span> <span class='ocrx_word' id='word_1_50' title='bbox 1185 1560 1319 1633; x_wconf 89' lang='lat' dir='ltr'>patema</span> 
     </span>
     <span class='ocr_line' id='line_1_9' title="bbox 366 1645 1318 1731; baseline -0.004 -20"><span class='ocrx_word' id='word_1_51' title='bbox 366 1649 561 1731; x_wconf 83' lang='lat' dir='ltr'>benignitate</span> <span class='ocrx_word' id='word_1_52' title='bbox 574 1647 719 1731; x_wconf 86' lang='lat' dir='ltr'>recipiat:</span> <span class='ocrx_word' id='word_1_53' title='bbox 736 1658 767 1709; x_wconf 88' lang='lat' dir='ltr'>et</span> <span class='ocrx_word' id='word_1_54' title='bbox 777 1646 896 1709; x_wconf 88' lang='lat' dir='ltr'>exinde</span> <span class='ocrx_word' id='word_1_55' title='bbox 910 1648 1000 1729; x_wconf 87' lang='lat' dir='ltr'>qnasi</span> <span class='ocrx_word' id='word_1_56' title='bbox 1013 1645 1318 1709; x_wconf 87' lang='lat' dir='ltr'>filiumearissimum</span> 
     </span>
    </p>
   </div>
   <div class='ocr_carea' id='block_1_4' title="bbox 367 1748 1321 3656">
    <p class='ocr_par' dir='ltr' id='par_1_4' title="bbox 367 1748 1321 3656">
     <span class='ocr_line' id='line_1_10' title="bbox 367 1748 1319 1831; baseline -0.001 -21"><span class='ocrx_word' id='word_1_57' title='bbox 367 1749 399 1811; x_wconf 92' lang='lat' dir='ltr'>in</span> <span class='ocrx_word' id='word_1_58' title='bbox 430 1752 579 1813; x_wconf 92' lang='lat' dir='ltr'>omuibus</span> <span class='ocrx_word' id='word_1_59' title='bbox 607 1761 729 1813; x_wconf 90' lang='lat' dir='ltr'>traetet.</span> <span class='ocrx_word' id='word_1_60' title='bbox 783 1750 866 1811; x_wconf 89' lang='lat' dir='ltr'>Nam</span> <span class='ocrx_word' id='word_1_61' title='bbox 898 1748 937 1811; x_wconf 91' lang='lat' dir='ltr'>dc</span> <span class='ocrx_word' id='word_1_62' title='bbox 967 1748 1200 1831; x_wconf 89' lang='lat' dir='ltr'>archiepiscopi</span> <span class='ocrx_word' id='word_1_63' title='bbox 1230 1768 1319 1810; x_wconf 92' lang='lat' dir='ltr'>man·</span> 
     </span>
     <span class='ocr_line' id='line_1_11' title="bbox 368 1849 1319 1934; baseline -0.003 -20"><span class='ocrx_word' id='word_1_64' title='bbox 368 1852 549 1929; x_wconf 89' lang='lat' dir='ltr'>suetudine,</span> <span class='ocrx_word' id='word_1_65' title='bbox 564 1852 591 1913; x_wconf 84' lang='lat' dir='ltr'>si</span> <span class='ocrx_word' id='word_1_66' title='bbox 605 1852 679 1929; x_wconf 89' lang='lat' dir='ltr'>hoe,</span> <span class='ocrx_word' id='word_1_67' title='bbox 695 1850 782 1934; x_wconf 92' lang='lat' dir='ltr'>quod</span> <span class='ocrx_word' id='word_1_68' title='bbox 798 1852 1012 1914; x_wconf 86' lang='lat' dir='ltr'>necessarium</span> <span class='ocrx_word' id='word_1_69' title='bbox 1028 1873 1098 1914; x_wconf 89' lang='lat' dir='ltr'>esse</span> <span class='ocrx_word' id='word_1_70' title='bbox 1120 1851 1218 1924; x_wconf 89' lang='lat' dir='ltr'>scitis,</span> <span class='ocrx_word' id='word_1_71' title='bbox 1235 1849 1319 1933; x_wconf 89' lang='lat' dir='ltr'>epis·</span> 
     </span>
     <span class='ocr_line' id='line_1_12' title="bbox 367 1954 1319 2038; baseline -0.002 -21"><span class='ocrx_word' id='word_1_72' title='bbox 367 1977 450 2037; x_wconf 92' lang='lat' dir='ltr'>copo</span> <span class='ocrx_word' id='word_1_73' title='bbox 473 1956 567 2018; x_wconf 86' lang='lat' dir='ltr'>fuerit</span> <span class='ocrx_word' id='word_1_74' title='bbox 588 1976 783 2038; x_wconf 86' lang='lat' dir='ltr'>persuasum,</span> <span class='ocrx_word' id='word_1_75' title='bbox 805 1956 936 2019; x_wconf 90' lang='lat' dir='ltr'>omniuo</span> <span class='ocrx_word' id='word_1_76' title='bbox 959 1977 1023 2018; x_wconf 92' lang='lat' dir='ltr'>uon</span> <span class='ocrx_word' id='word_1_77' title='bbox 1040 1954 1161 2018; x_wconf 81' lang='lat' dir='ltr'>dubito.</span> <span class='ocrx_word' id='word_1_78' title='bbox 1207 1954 1319 2017; x_wconf 88' lang='lat' dir='ltr'>Nostis</span> 
     </span>
     <span class='ocr_line' id='line_1_13' title="bbox 369 2055 1319 2141; baseline -0.003 -23"><span class='ocrx_word' id='word_1_79' title='bbox 369 2057 453 2118; x_wconf 91' lang='lat' dir='ltr'>enim</span> <span class='ocrx_word' id='word_1_80' title='bbox 470 2057 548 2139; x_wconf 92' lang='lat' dir='ltr'>quid</span> <span class='ocrx_word' id='word_1_81' title='bbox 564 2078 659 2139; x_wconf 85' lang='lat' dir='ltr'>super</span> <span class='ocrx_word' id='word_1_82' title='bbox 673 2058 736 2120; x_wconf 92' lang='lat' dir='ltr'>hoc</span> <span class='ocrx_word' id='word_1_83' title='bbox 761 2058 852 2118; x_wconf 88' lang='lat' dir='ltr'>vobis</span> <span class='ocrx_word' id='word_1_84' title='bbox 867 2079 968 2141; x_wconf 87' lang='lat' dir='ltr'>nuper</span> <span class='ocrx_word' id='word_1_85' title='bbox 989 2057 1151 2139; x_wconf 86' lang='lat' dir='ltr'>scripserit</span> <span class='ocrx_word' id='word_1_86' title='bbox 1172 2055 1319 2118; x_wconf 89' lang='lat' dir='ltr'>dominus</span> 
     </span>
     <span class='ocr_line' id='line_1_14' title="bbox 369 2156 1320 2241; baseline -0.002 -22"><span class='ocrx_word' id='word_1_87' title='bbox 369 2178 466 2239; x_wconf 89' lang='lat' dir='ltr'>papa,</span> <span class='ocrx_word' id='word_1_88' title='bbox 480 2168 513 2219; x_wconf 87' lang='lat' dir='ltr'>et</span> <span class='ocrx_word' id='word_1_89' title='bbox 533 2157 609 2241; x_wconf 93' lang='lat' dir='ltr'>quid</span> <span class='ocrx_word' id='word_1_90' title='bbox 632 2158 764 2220; x_wconf 89' lang='lat' dir='ltr'>remedii</span> <span class='ocrx_word' id='word_1_91' title='bbox 788 2156 930 2221; x_wconf 89' lang='lat' dir='ltr'>decanus</span> <span class='ocrx_word' id='word_1_92' title='bbox 950 2158 1025 2221; x_wconf 90' lang='lat' dir='ltr'>huie</span> <span class='ocrx_word' id='word_1_93' title='bbox 1051 2180 1156 2221; x_wconf 69' lang='lat' dir='ltr'>causae</span> <span class='ocrx_word' id='word_1_94' title='bbox 1178 2156 1320 2220; x_wconf 88' lang='lat' dir='ltr'>retulerit</span> 
     </span>
     <span class='ocr_line' id='line_1_15' title="bbox 370 2257 1319 2341; baseline 0 -23"><span class='ocrx_word' id='word_1_95' title='bbox 370 2258 410 2318; x_wconf 93' lang='lat' dir='ltr'>ab</span> <span class='ocrx_word' id='word_1_96' title='bbox 430 2258 606 2340; x_wconf 89' lang='lat' dir='ltr'>apostolica</span> <span class='ocrx_word' id='word_1_97' title='bbox 629 2257 713 2321; x_wconf 91' lang='lat' dir='ltr'>sede.</span> <span class='ocrx_word' id='word_1_98' title='bbox 759 2257 860 2341; x_wconf 83' lang='lat' dir='ltr'>Cujus</span> <span class='ocrx_word' id='word_1_99' title='bbox 885 2270 992 2320; x_wconf 91' lang='lat' dir='ltr'>tamen</span> <span class='ocrx_word' id='word_1_100' title='bbox 1017 2259 1043 2319; x_wconf 92' lang='lat' dir='ltr'>si</span> <span class='ocrx_word' id='word_1_101' title='bbox 1067 2257 1224 2339; x_wconf 89' lang='lat' dir='ltr'>promissa</span> <span class='ocrx_word' id='word_1_102' title='bbox 1247 2278 1319 2339; x_wconf 94' lang='lat' dir='ltr'>pro-</span> 
     </span>
     <span class='ocr_line' id='line_1_16' title="bbox 368 2358 1321 2442; baseline 0 -21"><span class='ocrx_word' id='word_1_103' title='bbox 368 2358 533 2436; x_wconf 86' lang='lat' dir='ltr'>cesserint,</span> <span class='ocrx_word' id='word_1_104' title='bbox 545 2370 577 2421; x_wconf 91' lang='lat' dir='ltr'>et</span> <span class='ocrx_word' id='word_1_105' title='bbox 591 2381 792 2442; x_wconf 69' lang='lat' dir='ltr'>eorumquae</span> <span class='ocrx_word' id='word_1_106' title='bbox 807 2359 991 2442; x_wconf 88' lang='lat' dir='ltr'>juramento</span> <span class='ocrx_word' id='word_1_107' title='bbox 1006 2358 1129 2422; x_wconf 88' lang='lat' dir='ltr'>firmata</span> <span class='ocrx_word' id='word_1_108' title='bbox 1144 2367 1228 2435; x_wconf 87' lang='lat' dir='ltr'>suut,</span> <span class='ocrx_word' id='word_1_109' title='bbox 1240 2358 1321 2421; x_wconf 90' lang='lat' dir='ltr'>fides</span> 
     </span>
     <span class='ocr_line' id='line_1_17' title="bbox 368 2458 1320 2543; baseline 0.002 -22"><span class='ocrx_word' id='word_1_110' title='bbox 368 2458 462 2523; x_wconf 88' lang='lat' dir='ltr'>suerit</span> <span class='ocrx_word' id='word_1_111' title='bbox 490 2460 674 2543; x_wconf 87' lang='lat' dir='ltr'>adimpleta,</span> <span class='ocrx_word' id='word_1_112' title='bbox 703 2460 965 2543; x_wconf 88' lang='lat' dir='ltr'>archiepiscopus</span> <span class='ocrx_word' id='word_1_113' title='bbox 995 2469 1026 2523; x_wconf 88' lang='lat' dir='ltr'>et</span> <span class='ocrx_word' id='word_1_114' title='bbox 1055 2460 1103 2521; x_wconf 90' lang='lat' dir='ltr'>sui</span> <span class='ocrx_word' id='word_1_115' title='bbox 1134 2460 1320 2523; x_wconf 90' lang='lat' dir='ltr'>reconcilia·</span> 
     </span>
     <span class='ocr_line' id='line_1_18' title="bbox 368 2561 1321 2645; baseline 0.001 -23"><span class='ocrx_word' id='word_1_116' title='bbox 368 2561 486 2624; x_wconf 90' lang='lat' dir='ltr'>buntur</span> <span class='ocrx_word' id='word_1_117' title='bbox 500 2562 533 2624; x_wconf 89' lang='lat' dir='ltr'>in</span> <span class='ocrx_word' id='word_1_118' title='bbox 549 2563 649 2636; x_wconf 83' lang='lat' dir='ltr'>brevi,</span> <span class='ocrx_word' id='word_1_119' title='bbox 665 2573 697 2624; x_wconf 93' lang='lat' dir='ltr'>et</span> <span class='ocrx_word' id='word_1_120' title='bbox 716 2584 780 2645; x_wconf 86' lang='lat' dir='ltr'>pax</span> <span class='ocrx_word' id='word_1_121' title='bbox 797 2583 871 2625; x_wconf 94' lang='lat' dir='ltr'>cum</span> <span class='ocrx_word' id='word_1_122' title='bbox 887 2562 1054 2625; x_wconf 91' lang='lat' dir='ltr'>honestate</span> <span class='ocrx_word' id='word_1_123' title='bbox 1070 2562 1215 2624; x_wconf 70' lang='lat' dir='ltr'>ecclesiae</span> <span class='ocrx_word' id='word_1_124' title='bbox 1238 2562 1321 2624; x_wconf 89' lang='lat' dir='ltr'>inter</span> 
     </span>
     <span class='ocr_line' id='line_1_19' title="bbox 367 2662 1320 2747; baseline 0.002 -24"><span class='ocrx_word' id='word_1_125' title='bbox 367 2683 501 2743; x_wconf 83' lang='lat' dir='ltr'>regnum</span> <span class='ocrx_word' id='word_1_126' title='bbox 516 2675 549 2726; x_wconf 90' lang='lat' dir='ltr'>et</span> <span class='ocrx_word' id='word_1_127' title='bbox 564 2662 777 2727; x_wconf 88' lang='lat' dir='ltr'>sacerdotium</span> <span class='ocrx_word' id='word_1_128' title='bbox 797 2663 1025 2727; x_wconf 87' lang='lat' dir='ltr'>reformabitur.</span> <span class='ocrx_word' id='word_1_129' title='bbox 1072 2664 1218 2741; x_wconf 89' lang='lat' dir='ltr'>Interim,</span> <span class='ocrx_word' id='word_1_130' title='bbox 1234 2662 1320 2747; x_wconf 89' lang='lat' dir='ltr'>quod</span> 
     </span>
     <span class='ocr_line' id='line_1_20' title="bbox 369 2763 1320 2848; baseline 0.003 -25"><span class='ocrx_word' id='word_1_131' title='bbox 369 2765 460 2826; x_wconf 84' lang='lat' dir='ltr'>robis</span> <span class='ocrx_word' id='word_1_132' title='bbox 489 2763 664 2827; x_wconf 89' lang='lat' dir='ltr'>innotuisse</span> <span class='ocrx_word' id='word_1_133' title='bbox 694 2775 810 2847; x_wconf 89' lang='lat' dir='ltr'>potest,</span> <span class='ocrx_word' id='word_1_134' title='bbox 840 2763 881 2827; x_wconf 89' lang='lat' dir='ltr'>ad</span> <span class='ocrx_word' id='word_1_135' title='bbox 918 2765 1080 2827; x_wconf 86' lang='lat' dir='ltr'>silentium</span> <span class='ocrx_word' id='word_1_136' title='bbox 1110 2786 1218 2827; x_wconf 90' lang='lat' dir='ltr'>eorum</span> <span class='ocrx_word' id='word_1_137' title='bbox 1250 2785 1320 2848; x_wconf 89' lang='lat' dir='ltr'>quae</span> 
     </span>
     <span class='ocr_line' id='line_1_21' title="bbox 367 2865 1320 2947; baseline -0.002 -20"><span class='ocrx_word' id='word_1_138' title='bbox 367 2865 481 2928; x_wconf 83' lang='lat' dir='ltr'>Romae</span> <span class='ocrx_word' id='word_1_139' title='bbox 515 2876 604 2947; x_wconf 82' lang='lat' dir='ltr'>gesta</span> <span class='ocrx_word' id='word_1_140' title='bbox 636 2877 720 2943; x_wconf 89' lang='lat' dir='ltr'>suut,</span> <span class='ocrx_word' id='word_1_141' title='bbox 750 2866 939 2929; x_wconf 86' lang='lat' dir='ltr'>necessitate</span> <span class='ocrx_word' id='word_1_142' title='bbox 975 2865 1116 2928; x_wconf 88' lang='lat' dir='ltr'>mandati</span> <span class='ocrx_word' id='word_1_143' title='bbox 1154 2875 1320 2929; x_wconf 87' lang='lat' dir='ltr'>arctamur.</span> 
     </span>
     <span class='ocr_line' id='line_1_22' title="bbox 368 2965 1320 3052; baseline 0.001 -24"><span class='ocrx_word' id='word_1_144' title='bbox 368 2965 430 3030; x_wconf 87' lang='lat' dir='ltr'>Sed</span> <span class='ocrx_word' id='word_1_145' title='bbox 448 2990 548 3052; x_wconf 93' lang='lat' dir='ltr'>quum</span> <span class='ocrx_word' id='word_1_146' title='bbox 564 2967 605 3031; x_wconf 92' lang='lat' dir='ltr'>de</span> <span class='ocrx_word' id='word_1_147' title='bbox 621 2965 685 3030; x_wconf 86' lang='lat' dir='ltr'>fide</span> <span class='ocrx_word' id='word_1_148' title='bbox 700 2978 755 3031; x_wconf 87' lang='lat' dir='ltr'>aut</span> <span class='ocrx_word' id='word_1_149' title='bbox 769 2966 905 3050; x_wconf 86' lang='lat' dir='ltr'>perfidia</span> <span class='ocrx_word' id='word_1_150' title='bbox 920 2967 1099 3030; x_wconf 87' lang='lat' dir='ltr'>constiterit</span> <span class='ocrx_word' id='word_1_151' title='bbox 1122 2968 1320 3050; x_wconf 87' lang='lat' dir='ltr'>pactionum,</span> 
     </span>
     <span class='ocr_line' id='line_1_23' title="bbox 367 3068 1319 3151; baseline 0.002 -22"><span class='ocrx_word' id='word_1_152' title='bbox 367 3071 532 3151; x_wconf 87' lang='lat' dir='ltr'>propalare</span> <span class='ocrx_word' id='word_1_153' title='bbox 548 3069 659 3132; x_wconf 88' lang='lat' dir='ltr'>licebit</span> <span class='ocrx_word' id='word_1_154' title='bbox 677 3069 834 3130; x_wconf 83' lang='lat' dir='ltr'>universa.</span> <span class='ocrx_word' id='word_1_155' title='bbox 882 3069 965 3140; x_wconf 90' lang='lat' dir='ltr'>Quia</span> <span class='ocrx_word' id='word_1_156' title='bbox 990 3089 1066 3151; x_wconf 83' lang='lat' dir='ltr'>ergo</span> <span class='ocrx_word' id='word_1_157' title='bbox 1091 3068 1241 3131; x_wconf 90' lang='lat' dir='ltr'>domiuus</span> <span class='ocrx_word' id='word_1_158' title='bbox 1263 3068 1319 3133; x_wconf 87' lang='lat' dir='ltr'>Sa-</span> 
     </span>
     <span class='ocr_line' id='line_1_24' title="bbox 368 3167 1320 3250; baseline 0.003 -21"><span class='ocrx_word' id='word_1_159' title='bbox 368 3169 573 3231; x_wconf 87' lang='lat' dir='ltr'>resberiensis</span> <span class='ocrx_word' id='word_1_160' title='bbox 588 3177 620 3231; x_wconf 91' lang='lat' dir='ltr'>et</span> <span class='ocrx_word' id='word_1_161' title='bbox 634 3167 833 3250; x_wconf 85' lang='lat' dir='ltr'>Reginaldus</span> <span class='ocrx_word' id='word_1_162' title='bbox 849 3171 1093 3233; x_wconf 86' lang='lat' dir='ltr'>archidiaconus</span> <span class='ocrx_word' id='word_1_163' title='bbox 1108 3192 1158 3233; x_wconf 88' lang='lat' dir='ltr'>me</span> <span class='ocrx_word' id='word_1_164' title='bbox 1173 3170 1207 3232; x_wconf 90' lang='lat' dir='ltr'>in</span> <span class='ocrx_word' id='word_1_165' title='bbox 1224 3190 1320 3233; x_wconf 86' lang='lat' dir='ltr'>eausa</span> 
     </span>
     <span class='ocr_line' id='line_1_25' title="bbox 367 3268 1319 3354; baseline 0.004 -24"><span class='ocrx_word' id='word_1_166' title='bbox 367 3268 429 3332; x_wconf 87' lang='lat' dir='ltr'>ista</span> <span class='ocrx_word' id='word_1_167' title='bbox 444 3270 627 3346; x_wconf 91' lang='lat' dir='ltr'>sollicitant,</span> <span class='ocrx_word' id='word_1_168' title='bbox 641 3279 788 3350; x_wconf 82' lang='lat' dir='ltr'>rogantes</span> <span class='ocrx_word' id='word_1_169' title='bbox 803 3284 839 3333; x_wconf 88' lang='lat' dir='ltr'>ut</span> <span class='ocrx_word' id='word_1_170' title='bbox 863 3272 949 3354; x_wconf 90' lang='lat' dir='ltr'>quod</span> <span class='ocrx_word' id='word_1_171' title='bbox 972 3274 1122 3336; x_wconf 88' lang='lat' dir='ltr'>invenero</span> <span class='ocrx_word' id='word_1_172' title='bbox 1138 3273 1184 3334; x_wconf 87' lang='lat' dir='ltr'>eis</span> <span class='ocrx_word' id='word_1_173' title='bbox 1208 3273 1319 3336; x_wconf 88' lang='lat' dir='ltr'>rescri-</span> 
     </span>
     <span class='ocr_line' id='line_1_26' title="bbox 368 3369 1317 3456; baseline 0.002 -26"><span class='ocrx_word' id='word_1_174' title='bbox 368 3370 441 3431; x_wconf 86' lang='lat' dir='ltr'>bam</span> <span class='ocrx_word' id='word_1_175' title='bbox 459 3380 514 3432; x_wconf 90' lang='lat' dir='ltr'>aut</span> <span class='ocrx_word' id='word_1_176' title='bbox 529 3369 632 3445; x_wconf 86' lang='lat' dir='ltr'>vobis,</span> <span class='ocrx_word' id='word_1_177' title='bbox 647 3389 760 3451; x_wconf 91' lang='lat' dir='ltr'>precor</span> <span class='ocrx_word' id='word_1_178' title='bbox 782 3372 941 3449; x_wconf 87' lang='lat' dir='ltr'>attentius,</span> <span class='ocrx_word' id='word_1_179' title='bbox 958 3387 992 3436; x_wconf 86' lang='lat' dir='ltr'>ut</span> <span class='ocrx_word' id='word_1_180' title='bbox 1010 3373 1080 3456; x_wconf 90' lang='lat' dir='ltr'>jam</span> <span class='ocrx_word' id='word_1_181' title='bbox 1105 3372 1191 3436; x_wconf 90' lang='lat' dir='ltr'>dicto</span> <span class='ocrx_word' id='word_1_182' title='bbox 1216 3371 1317 3435; x_wconf 89' lang='lat' dir='ltr'>archi·</span> 
     </span>
     <span class='ocr_line' id='line_1_27' title="bbox 369 3469 1315 3554; baseline 0.003 -24"><span class='ocrx_word' id='word_1_183' title='bbox 369 3469 506 3532; x_wconf 90' lang='lat' dir='ltr'>diacono</span> <span class='ocrx_word' id='word_1_184' title='bbox 522 3470 651 3548; x_wconf 87' lang='lat' dir='ltr'>litteras,</span> <span class='ocrx_word' id='word_1_185' title='bbox 667 3491 746 3554; x_wconf 89' lang='lat' dir='ltr'>quas</span> <span class='ocrx_word' id='word_1_186' title='bbox 761 3471 790 3533; x_wconf 91' lang='lat' dir='ltr'>ei</span> <span class='ocrx_word' id='word_1_187' title='bbox 804 3472 907 3550; x_wconf 92' lang='lat' dir='ltr'>mitto,</span> <span class='ocrx_word' id='word_1_188' title='bbox 919 3474 1036 3537; x_wconf 90' lang='lat' dir='ltr'>habere</span> <span class='ocrx_word' id='word_1_189' title='bbox 1053 3474 1189 3551; x_wconf 81' lang='lat' dir='ltr'>faciatis,</span> <span class='ocrx_word' id='word_1_190' title='bbox 1205 3483 1238 3537; x_wconf 91' lang='lat' dir='ltr'>et</span> <span class='ocrx_word' id='word_1_191' title='bbox 1251 3472 1315 3536; x_wconf 87' lang='lat' dir='ltr'>feli-</span> 
     </span>
     <span class='ocr_line' id='line_1_28' title="bbox 370 3573 1169 3656; baseline 0.005 -23"><span class='ocrx_word' id='word_1_192' title='bbox 370 3593 451 3650; x_wconf 86' lang='lat' dir='ltr'>cem,</span> <span class='ocrx_word' id='word_1_193' title='bbox 467 3573 539 3634; x_wconf 93' lang='lat' dir='ltr'>Deo</span> <span class='ocrx_word' id='word_1_194' title='bbox 554 3584 693 3650; x_wconf 89' lang='lat' dir='ltr'>auctore,</span> <span class='ocrx_word' id='word_1_195' title='bbox 708 3573 900 3656; x_wconf 87' lang='lat' dir='ltr'>provideatis</span> <span class='ocrx_word' id='word_1_196' title='bbox 915 3577 1036 3639; x_wconf 84' lang='lat' dir='ltr'>exitum</span> <span class='ocrx_word' id='word_1_197' title='bbox 1053 3598 1169 3639; x_wconf 71' lang='lat' dir='ltr'>causae.</span> 
     </span>
    </p>
   </div>
   <div class='ocr_carea' id='block_1_5' title="bbox 368 3828 1316 4011">
    <p class='ocr_par' dir='ltr' id='par_1_5' title="bbox 368 3828 1316 4011">
     <span class='ocr_line' id='line_1_29' title="bbox 368 3828 1316 3896; baseline 0.002 -6"><span class='ocrx_word' id='word_1_198' title='bbox 368 3829 587 3892; x_wconf 73' lang='lat' dir='ltr'>EPISTULA</span> <span class='ocrx_word' id='word_1_199' title='bbox 610 3828 817 3894; x_wconf 67' lang='lat' dir='ltr'>cclx-in</span> <span class='ocrx_word' id='word_1_200' title='bbox 833 3848 1032 3894; x_wconf 76' lang='lat' dir='ltr'>uiorsrnuu</span> <span class='ocrx_word' id='word_1_201' title='bbox 1048 3850 1259 3896; x_wconf 80' lang='lat' dir='ltr'>neuruunuu</span> <span class='ocrx_word' id='word_1_202' title='bbox 1275 3849 1316 3892; x_wconf 84' lang='lat' dir='ltr'>nn</span> 
     </span>
     <span class='ocr_line' id='line_1_30' title="bbox 664 3930 1015 4011; baseline 0.003 -19"><span class='ocrx_word' id='word_1_203' title='bbox 664 3949 753 3994; x_wconf 81' lang='lat' dir='ltr'>uovr.</span> <span class='ocrx_word' id='word_1_204' title='bbox 801 3930 886 4010; x_wconf 72' lang='lat' dir='ltr'>[an.</span> <span class='ocrx_word' id='word_1_205' title='bbox 906 3933 1015 4011; x_wconf 75' lang='lat' dir='ltr'>lisa]</span> 
     </span>
    </p>
   </div>
   <div class='ocr_carea' id='block_1_6' title="bbox 618 4065 1061 4146">
    <p class='ocr_par' dir='ltr' id='par_1_6' title="bbox 618 4065 1061 4146">
     <span class='ocr_line' id='line_1_31' title="bbox 618 4065 1061 4146; baseline 0.009 -20"><span class='ocrx_word' id='word_1_206' title='bbox 618 4065 778 4146; x_wconf 73' lang='lat' dir='ltr'>Mapistro</span> <span class='ocrx_word' id='word_1_207' title='bbox 798 4066 949 4146; x_wconf 82' lang='lat' dir='ltr'>Umsride</span> <span class='ocrx_word' id='word_1_208' title='bbox 965 4066 1061 4131; x_wconf 84' lang='lat' dir='ltr'>Boui.</span> 
     </span>
    </p>
   </div>
   <div class='ocr_carea' id='block_1_7' title="bbox 362 4182 1315 4465">
    <p class='ocr_par' dir='ltr' id='par_1_7' title="bbox 362 4182 1315 4465">
     <span class='ocr_line' id='line_1_32' title="bbox 409 4182 1315 4265; baseline 0.001 -23"><span class='ocrx_word' id='word_1_209' title='bbox 409 4182 486 4243; x_wconf 82' lang='lat' dir='ltr'>Nou</span> <span class='ocrx_word' id='word_1_210' title='bbox 508 4192 567 4258; x_wconf 89' lang='lat' dir='ltr'>est,</span> <span class='ocrx_word' id='word_1_211' title='bbox 586 4182 699 4258; x_wconf 91' lang='lat' dir='ltr'>amice,</span> <span class='ocrx_word' id='word_1_212' title='bbox 715 4182 802 4264; x_wconf 92' lang='lat' dir='ltr'>quod</span> <span class='ocrx_word' id='word_1_213' title='bbox 823 4183 945 4264; x_wconf 91' lang='lat' dir='ltr'>possim</span> <span class='ocrx_word' id='word_1_214' title='bbox 967 4183 1007 4246; x_wconf 90' lang='lat' dir='ltr'>de</span> <span class='ocrx_word' id='word_1_215' title='bbox 1029 4193 1131 4246; x_wconf 85' lang='lat' dir='ltr'>status</span> <span class='ocrx_word' id='word_1_216' title='bbox 1153 4183 1218 4246; x_wconf 89' lang='lat' dir='ltr'>mei</span> <span class='ocrx_word' id='word_1_217' title='bbox 1241 4203 1315 4265; x_wconf 89' lang='lat' dir='ltr'>qua·</span> 
     </span>
     <span class='ocr_line' id='line_1_33' title="bbox 363 4278 1314 4365; baseline -0.001 -20"><span class='ocrx_word' id='word_1_218' title='bbox 363 4282 452 4345; x_wconf 88' lang='lat' dir='ltr'>litate</span> <span class='ocrx_word' id='word_1_219' title='bbox 482 4278 615 4359; x_wconf 86' lang='lat' dir='ltr'>causari,</span> <span class='ocrx_word' id='word_1_220' title='bbox 645 4282 722 4365; x_wconf 88' lang='lat' dir='ltr'>qnia</span> <span class='ocrx_word' id='word_1_221' title='bbox 749 4283 858 4345; x_wconf 91' lang='lat' dir='ltr'>omnia</span> <span class='ocrx_word' id='word_1_222' title='bbox 887 4283 1027 4347; x_wconf 89' lang='lat' dir='ltr'>hominis</span> <span class='ocrx_word' id='word_1_223' title='bbox 1059 4285 1314 4348; x_wconf 86' lang='lat' dir='ltr'>machinamenta</span> 
     </span>
     <span class='ocr_line' id='line_1_34' title="bbox 362 4382 1312 4465; baseline -0.001 -19"><span class='ocrx_word' id='word_1_224' title='bbox 362 4383 521 4446; x_wconf 89' lang='lat' dir='ltr'>miseratio</span> <span class='ocrx_word' id='word_1_225' title='bbox 537 4383 601 4445; x_wconf 89' lang='lat' dir='ltr'>Dei</span> <span class='ocrx_word' id='word_1_226' title='bbox 618 4382 696 4446; x_wconf 90' lang='lat' dir='ltr'>mihi</span> <span class='ocrx_word' id='word_1_227' title='bbox 711 4393 898 4465; x_wconf 89' lang='lat' dir='ltr'>cooperatur</span> <span class='ocrx_word' id='word_1_228' title='bbox 913 4385 945 4446; x_wconf 93' lang='lat' dir='ltr'>in</span> <span class='ocrx_word' id='word_1_229' title='bbox 964 4386 1095 4447; x_wconf 91' lang='lat' dir='ltr'>bouum.</span> <span class='ocrx_word' id='word_1_230' title='bbox 1134 4386 1221 4447; x_wconf 90' lang='lat' dir='ltr'>Nam</span> <span class='ocrx_word' id='word_1_231' title='bbox 1235 4394 1312 4446; x_wconf 89' lang='lat' dir='ltr'>tem·</span> 
     </span>
    </p>
   </div>
   <div class='ocr_carea' id='block_1_8' title="bbox 0 0 1701 5525">
    <p class='ocr_par' dir='ltr' id='par_1_8' title="bbox 0 0 1701 5525">
     <span class='ocr_line' id='line_1_35' title="bbox 0 0 1701 5525; baseline 0 0"><span class='ocrx_word' id='word_1_232' title='bbox 0 0 1701 5525; x_wconf 95' lang='lat' dir='ltr'> </span> 
     </span>
    </p>
   </div>
  </div>
 </body>
</html>
