<?xml version="1.0" encoding="UTF-8"?>
<!DOCTYPE html PUBLIC "-//W3C//DTD XHTML 1.0 Transitional//EN"
    "http://www.w3.org/TR/xhtml1/DTD/xhtml1-transitional.dtd">
<html xmlns="http://www.w3.org/1999/xhtml" xml:lang="en" lang="en">
 <head>
  <title>
</title>
<meta http-equiv="Content-Type" content="text/html;charset=utf-8" />
  <meta name='ocr-system' content='tesseract 3.04.00' />
  <meta name='ocr-capabilities' content='ocr_page ocr_carea ocr_par ocr_line ocrx_word'/>
</head>
<body>
  <div class='ocr_page' id='page_1' title='image "./joannissaresber05johngoog_0208.png"; bbox 0 0 3384 5525; ppageno 0'>
   <div class='ocr_carea' id='block_1_1' title="bbox 371 764 1327 842">
    <p class='ocr_par' dir='ltr' id='par_1_1' title="bbox 371 764 1327 842">
     <span class='ocr_line' id='line_1_1' title="bbox 371 764 1327 842; baseline -0.01 -8"><span class='ocrx_word' id='word_1_1' title='bbox 371 776 432 834; x_wconf 86' lang='lat'><strong>190</strong></span> <span class='ocrx_word' id='word_1_2' title='bbox 612 787 750 832; x_wconf 78' lang='lat' dir='ltr'><strong>romnus</strong></span> <span class='ocrx_word' id='word_1_3' title='bbox 773 783 1049 829; x_wconf 76' lang='lat' dir='ltr'><strong>sanasnnmnnsrs</strong></span> <span class='ocrx_word' id='word_1_4' title='bbox 1235 764 1278 842; x_wconf 83' lang='lat' dir='ltr'><strong>[A.</strong></span> <span class='ocrx_word' id='word_1_5' title='bbox 1295 784 1327 825; x_wconf 85' lang='lat' dir='ltr'><strong>n.</strong></span> 
     </span>
    </p>
   </div>
   <div class='ocr_carea' id='block_1_2' title="bbox 367 933 1328 2956">
    <p class='ocr_par' dir='ltr' id='par_1_2' title="bbox 367 933 1328 2956">
     <span class='ocr_line' id='line_1_2' title="bbox 368 933 1327 1027; baseline -0.006 -23"><span class='ocrx_word' id='word_1_6' title='bbox 368 959 481 1027; x_wconf 82' lang='lat' dir='ltr'>expers</span> <span class='ocrx_word' id='word_1_7' title='bbox 495 938 562 1023; x_wconf 91' lang='lat' dir='ltr'><strong>ipse</strong></span> <span class='ocrx_word' id='word_1_8' title='bbox 577 936 819 1001; x_wconf 82' lang='lat' dir='ltr'><strong>sollicitudinis?</strong></span> <span class='ocrx_word' id='word_1_9' title='bbox 841 935 1019 1021; x_wconf 80' lang='lat' dir='ltr'><strong>praesertirn</strong></span> <span class='ocrx_word' id='word_1_10' title='bbox 1034 934 1058 997; x_wconf 92' lang='lat' dir='ltr'><strong>si</strong></span> <span class='ocrx_word' id='word_1_11' title='bbox 1071 933 1189 998; x_wconf 91' lang='lat' dir='ltr'><strong>caritas</strong></span> <span class='ocrx_word' id='word_1_12' title='bbox 1203 948 1327 1018; x_wconf 82' lang='lat' dir='ltr'><strong>urgeat,</strong></span> 
     </span>
     <span class='ocr_line' id='line_1_3' title="bbox 369 1036 1326 1124; baseline -0.007 -18"><span class='ocrx_word' id='word_1_13' title='bbox 369 1054 404 1107; x_wconf 93' lang='lat' dir='ltr'><strong>ut</strong></span> <span class='ocrx_word' id='word_1_14' title='bbox 416 1040 494 1105; x_wconf 91' lang='lat' dir='ltr'><strong>nihil</strong></span> <span class='ocrx_word' id='word_1_15' title='bbox 507 1040 681 1102; x_wconf 90' lang='lat' dir='ltr'><strong>humanum</strong></span> <span class='ocrx_word' id='word_1_16' title='bbox 694 1062 714 1102; x_wconf 89' lang='lat' dir='ltr'><strong>a</strong></span> <span class='ocrx_word' id='word_1_17' title='bbox 726 1062 758 1102; x_wconf 91' lang='lat' dir='ltr'><strong>se</strong></span> <span class='ocrx_word' id='word_1_18' title='bbox 770 1051 899 1124; x_wconf 90' lang='lat' dir='ltr'><strong>reputet</strong></span> <span class='ocrx_word' id='word_1_19' title='bbox 912 1036 1060 1101; x_wconf 89' lang='lat' dir='ltr'><strong>alienum.</strong></span> <span class='ocrx_word' id='word_1_20' title='bbox 1094 1036 1185 1099; x_wconf 87' lang='lat' dir='ltr'><strong>Talis</strong></span> <span class='ocrx_word' id='word_1_21' title='bbox 1197 1037 1326 1121; x_wconf 91' lang='lat' dir='ltr'><strong>quidem</strong></span> 
     </span>
     <span class='ocr_line' id='line_1_4' title="bbox 369 1137 1328 1229; baseline -0.006 -22"><span class='ocrx_word' id='word_1_22' title='bbox 369 1165 471 1229; x_wconf 82' lang='lat' dir='ltr'>nuper</span> <span class='ocrx_word' id='word_1_23' title='bbox 480 1154 547 1205; x_wconf 92' lang='lat' dir='ltr'><strong>erat</strong></span> <span class='ocrx_word' id='word_1_24' title='bbox 557 1140 653 1204; x_wconf 87' lang='lat' dir='ltr'><strong>facies</strong></span> <span class='ocrx_word' id='word_1_25' title='bbox 662 1139 787 1215; x_wconf 92' lang='lat' dir='ltr'><strong>mundi,</strong></span> <span class='ocrx_word' id='word_1_26' title='bbox 795 1161 896 1224; x_wconf 90' lang='lat' dir='ltr'><strong>quum</strong></span> <span class='ocrx_word' id='word_1_27' title='bbox 908 1139 948 1202; x_wconf 92' lang='lat' dir='ltr'><strong>ab</strong></span> <span class='ocrx_word' id='word_1_28' title='bbox 956 1137 1114 1223; x_wconf 86' lang='lat' dir='ltr'><strong>Aquilone</strong></span> <span class='ocrx_word' id='word_1_29' title='bbox 1123 1150 1155 1201; x_wconf 91' lang='lat' dir='ltr'><strong>et</strong></span> <span class='ocrx_word' id='word_1_30' title='bbox 1164 1137 1328 1201; x_wconf 89' lang='lat' dir='ltr'><strong>occidente</strong></span> 
     </span>
     <span class='ocr_line' id='line_1_5' title="bbox 367 1239 1327 1327; baseline -0.006 -18"><span class='ocrx_word' id='word_1_31' title='bbox 367 1247 400 1309; x_wconf 92' lang='lat' dir='ltr'><strong>in</strong></span> <span class='ocrx_word' id='word_1_32' title='bbox 415 1245 568 1308; x_wconf 84' lang='lat' dir='ltr'><strong>orientem</strong></span> <span class='ocrx_word' id='word_1_33' title='bbox 583 1242 748 1327; x_wconf 82' lang='lat' dir='ltr'><strong>irrupisset</strong></span> <span class='ocrx_word' id='word_1_34' title='bbox 763 1255 796 1305; x_wconf 89' lang='lat' dir='ltr'><strong>et</strong></span> <span class='ocrx_word' id='word_1_35' title='bbox 815 1254 973 1316; x_wconf 89' lang='lat' dir='ltr'><strong>austrum,</strong></span> <span class='ocrx_word' id='word_1_36' title='bbox 990 1240 1172 1318; x_wconf 86' lang='lat' dir='ltr'><strong>maximam,</strong></span> <span class='ocrx_word' id='word_1_37' title='bbox 1189 1252 1225 1304; x_wconf 92' lang='lat' dir='ltr'><strong>ut</strong></span> <span class='ocrx_word' id='word_1_38' title='bbox 1242 1239 1327 1304; x_wconf 89' lang='lat' dir='ltr'><strong>vide·</strong></span> 
     </span>
     <span class='ocr_line' id='line_1_6' title="bbox 368 1340 1326 1431; baseline -0.005 -20"><span class='ocrx_word' id='word_1_39' title='bbox 368 1348 474 1426; x_wconf 90' lang='lat' dir='ltr'><strong>batur,</strong></span> <span class='ocrx_word' id='word_1_40' title='bbox 488 1358 612 1431; x_wconf 91' lang='lat' dir='ltr'><strong>partem</strong></span> <span class='ocrx_word' id='word_1_41' title='bbox 627 1345 791 1430; x_wconf 89' lang='lat' dir='ltr'><strong>dejectura</strong></span> <span class='ocrx_word' id='word_1_42' title='bbox 806 1342 982 1417; x_wconf 88' lang='lat' dir='ltr'><strong>stellarum,</strong></span> <span class='ocrx_word' id='word_1_43' title='bbox 998 1342 1051 1406; x_wconf 90' lang='lat' dir='ltr'><strong>sed</strong></span> <span class='ocrx_word' id='word_1_44' title='bbox 1069 1340 1157 1406; x_wconf 87' lang='lat' dir='ltr'><strong>flavit</strong></span> <span class='ocrx_word' id='word_1_45' title='bbox 1173 1342 1206 1404; x_wconf 94' lang='lat' dir='ltr'><strong>in</strong></span> <span class='ocrx_word' id='word_1_46' title='bbox 1231 1342 1326 1406; x_wconf 87' lang='lat' dir='ltr'><strong>ltalia</strong></span> 
     </span>
     <span class='ocr_line' id='line_1_7' title="bbox 370 1443 1323 1534; baseline -0.003 -23"><span class='ocrx_word' id='word_1_47' title='bbox 370 1443 1167 1534; x_wconf 84' lang='lat' dir='ltr'><strong>SpiritusSanctus,contrivitqueschismatiscaput</strong></span> <span class='ocrx_word' id='word_1_48' title='bbox 1176 1456 1211 1508; x_wconf 92' lang='lat' dir='ltr'><strong>ut</strong></span> <span class='ocrx_word' id='word_1_49' title='bbox 1219 1447 1248 1508; x_wconf 92' lang='lat' dir='ltr'><strong>ei</strong></span> <span class='ocrx_word' id='word_1_50' title='bbox 1256 1446 1323 1530; x_wconf 89' lang='lat' dir='ltr'><strong>jam</strong></span> 
     </span>
     <span class='ocr_line' id='line_1_8' title="bbox 368 1546 1324 1624; baseline -0.004 -9"><span class='ocrx_word' id='word_1_51' title='bbox 368 1552 468 1615; x_wconf 90' lang='lat' dir='ltr'><strong>latera</strong></span> <span class='ocrx_word' id='word_1_52' title='bbox 477 1548 749 1624; x_wconf 88' lang='lat' dir='ltr'><strong>contabescant,et</strong></span> <span class='ocrx_word' id='word_1_53' title='bbox 759 1547 901 1610; x_wconf 88' lang='lat' dir='ltr'><strong>membra</strong></span> <span class='ocrx_word' id='word_1_54' title='bbox 910 1546 1167 1611; x_wconf 87' lang='lat' dir='ltr'><strong>commoriantur.</strong></span> <span class='ocrx_word' id='word_1_55' title='bbox 1192 1551 1266 1611; x_wconf 94' lang='lat' dir='ltr'><strong>Non</strong></span> <span class='ocrx_word' id='word_1_56' title='bbox 1277 1560 1324 1611; x_wconf 90' lang='lat' dir='ltr'><strong>est</strong></span> 
     </span>
     <span class='ocr_line' id='line_1_9' title="bbox 369 1648 1325 1733; baseline -0.006 -16"><span class='ocrx_word' id='word_1_57' title='bbox 369 1653 452 1717; x_wconf 91' lang='lat' dir='ltr'><strong>enim</strong></span> <span class='ocrx_word' id='word_1_58' title='bbox 467 1649 619 1729; x_wconf 91' lang='lat' dir='ltr'><strong>medicus,</strong></span> <span class='ocrx_word' id='word_1_59' title='bbox 633 1672 694 1713; x_wconf 94' lang='lat' dir='ltr'><strong>non</strong></span> <span class='ocrx_word' id='word_1_60' title='bbox 707 1652 896 1724; x_wconf 84' lang='lat' dir='ltr'><strong>incantator,</strong></span> <span class='ocrx_word' id='word_1_61' title='bbox 908 1648 964 1733; x_wconf 93' lang='lat' dir='ltr'><strong>qui</strong></span> <span class='ocrx_word' id='word_1_62' title='bbox 981 1672 1018 1711; x_wconf 91' lang='lat' dir='ltr'><strong>ea</strong></span> <span class='ocrx_word' id='word_1_63' title='bbox 1030 1650 1070 1711; x_wconf 93' lang='lat' dir='ltr'><strong>de</strong></span> <span class='ocrx_word' id='word_1_64' title='bbox 1083 1671 1179 1712; x_wconf 92' lang='lat' dir='ltr'><strong>manu</strong></span> <span class='ocrx_word' id='word_1_65' title='bbox 1196 1648 1325 1712; x_wconf 89' lang='lat' dir='ltr'><strong>Domini</strong></span> 
     </span>
     <span class='ocr_line' id='line_1_10' title="bbox 368 1747 1324 1840; baseline -0.006 -22"><span class='ocrx_word' id='word_1_66' title='bbox 368 1754 466 1840; x_wconf 86' lang='lat' dir='ltr'><strong>possit</strong></span> <span class='ocrx_word' id='word_1_67' title='bbox 480 1774 601 1817; x_wconf 88' lang='lat' dir='ltr'><strong>eruere.</strong></span> <span class='ocrx_word' id='word_1_68' title='bbox 648 1753 728 1838; x_wconf 90' lang='lat' dir='ltr'><strong>Spes</strong></span> <span class='ocrx_word' id='word_1_69' title='bbox 742 1774 818 1835; x_wconf 84' lang='lat' dir='ltr'><strong>ergo</strong></span> <span class='ocrx_word' id='word_1_70' title='bbox 834 1750 977 1813; x_wconf 89' lang='lat' dir='ltr'><strong>fidelium</strong></span> <span class='ocrx_word' id='word_1_71' title='bbox 998 1764 1057 1826; x_wconf 92' lang='lat' dir='ltr'><strong>est,</strong></span> <span class='ocrx_word' id='word_1_72' title='bbox 1075 1749 1161 1835; x_wconf 92' lang='lat' dir='ltr'><strong>quod</strong></span> <span class='ocrx_word' id='word_1_73' title='bbox 1179 1747 1212 1812; x_wconf 92' lang='lat' dir='ltr'><strong>in</strong></span> <span class='ocrx_word' id='word_1_74' title='bbox 1235 1750 1324 1814; x_wconf 91' lang='lat' dir='ltr'><strong>brevi</strong></span> 
     </span>
     <span class='ocr_line' id='line_1_11' title="bbox 368 1852 1325 1939; baseline -0.004 -19"><span class='ocrx_word' id='word_1_75' title='bbox 368 1855 537 1920; x_wconf 87' lang='lat' dir='ltr'><strong>descendet</strong></span> <span class='ocrx_word' id='word_1_76' title='bbox 552 1855 585 1917; x_wconf 95' lang='lat' dir='ltr'><strong>in</strong></span> <span class='ocrx_word' id='word_1_77' title='bbox 601 1853 749 1939; x_wconf 84' lang='lat' dir='ltr'><strong>Angliam</strong></span> <span class='ocrx_word' id='word_1_78' title='bbox 771 1852 910 1939; x_wconf 86' lang='lat' dir='ltr'><strong>Spiritus</strong></span> <span class='ocrx_word' id='word_1_79' title='bbox 925 1852 1021 1929; x_wconf 91' lang='lat' dir='ltr'><strong>idem,</strong></span> <span class='ocrx_word' id='word_1_80' title='bbox 1040 1863 1074 1915; x_wconf 94' lang='lat' dir='ltr'><strong>ut</strong></span> <span class='ocrx_word' id='word_1_81' title='bbox 1091 1852 1176 1915; x_wconf 92' lang='lat' dir='ltr'><strong>illam</strong></span> <span class='ocrx_word' id='word_1_82' title='bbox 1194 1875 1325 1938; x_wconf 91' lang='lat' dir='ltr'><strong>quoque</strong></span> 
     </span>
     <span class='ocr_line' id='line_1_12' title="bbox 368 1953 1324 2040; baseline -0.003 -20"><span class='ocrx_word' id='word_1_83' title='bbox 368 1970 490 2020; x_wconf 87' lang='lat' dir='ltr'><strong>serenet</strong></span> <span class='ocrx_word' id='word_1_84' title='bbox 505 1953 678 2030; x_wconf 88' lang='lat' dir='ltr'><strong>ecclesiam,</strong></span> <span class='ocrx_word' id='word_1_85' title='bbox 694 1954 914 2038; x_wconf 87' lang='lat' dir='ltr'><strong>adventusque</strong></span> <span class='ocrx_word' id='word_1_86' title='bbox 929 1954 998 2038; x_wconf 90' lang='lat' dir='ltr'><strong>ejus</strong></span> <span class='ocrx_word' id='word_1_87' title='bbox 1017 1954 1119 2018; x_wconf 91' lang='lat' dir='ltr'><strong>multa</strong></span> <span class='ocrx_word' id='word_1_88' title='bbox 1141 1954 1324 2040; x_wconf 92' lang='lat' dir='ltr'><strong>produntur</strong></span> 
     </span>
     <span class='ocr_line' id='line_1_13' title="bbox 368 2055 1323 2141; baseline -0.001 -21"><span class='ocrx_word' id='word_1_89' title='bbox 368 2057 493 2122; x_wconf 88' lang='lat' dir='ltr'><strong>indicia.</strong></span> <span class='ocrx_word' id='word_1_90' title='bbox 553 2056 676 2141; x_wconf 89' lang='lat' dir='ltr'><strong>Utique</strong></span> <span class='ocrx_word' id='word_1_91' title='bbox 705 2055 915 2141; x_wconf 91' lang='lat' dir='ltr'><strong>condiscipuli</strong></span> <span class='ocrx_word' id='word_1_92' title='bbox 949 2056 1037 2119; x_wconf 89' lang='lat' dir='ltr'><strong>Petri</strong></span> <span class='ocrx_word' id='word_1_93' title='bbox 1060 2055 1114 2140; x_wconf 94' lang='lat' dir='ltr'><strong>qui</strong></span> <span class='ocrx_word' id='word_1_94' title='bbox 1145 2055 1323 2121; x_wconf 85' lang='lat' dir='ltr'><strong>ministerio</strong></span> 
     </span>
     <span class='ocr_line' id='line_1_14' title="bbox 368 2157 1322 2245; baseline 0 -23"><span class='ocrx_word' id='word_1_95' title='bbox 368 2159 539 2243; x_wconf 83' lang='lat' dir='ltr'><strong>navigandi</strong></span> <span class='ocrx_word' id='word_1_96' title='bbox 561 2158 683 2224; x_wconf 92' lang='lat' dir='ltr'><strong>diutius</strong></span> <span class='ocrx_word' id='word_1_97' title='bbox 705 2158 810 2222; x_wconf 85' lang='lat' dir='ltr'><strong>vexati</strong></span> <span class='ocrx_word' id='word_1_98' title='bbox 837 2171 922 2238; x_wconf 81' lang='lat' dir='ltr'><strong>sunt,</strong></span> <span class='ocrx_word' id='word_1_99' title='bbox 948 2157 1006 2222; x_wconf 90' lang='lat' dir='ltr'><strong>sibi</strong></span> <span class='ocrx_word' id='word_1_100' title='bbox 1032 2161 1184 2223; x_wconf 91' lang='lat' dir='ltr'><strong>videntur</strong></span> <span class='ocrx_word' id='word_1_101' title='bbox 1210 2164 1322 2245; x_wconf 82' lang='lat' dir='ltr'><strong>ap&#39;pre-</strong></span> 
     </span>
     <span class='ocr_line' id='line_1_15' title="bbox 369 2260 1321 2346; baseline -0.002 -20"><span class='ocrx_word' id='word_1_102' title='bbox 369 2261 507 2326; x_wconf 91' lang='lat' dir='ltr'><strong>hendere</strong></span> <span class='ocrx_word' id='word_1_103' title='bbox 529 2275 670 2346; x_wconf 89' lang='lat' dir='ltr'><strong>portum,</strong></span> <span class='ocrx_word' id='word_1_104' title='bbox 685 2273 716 2325; x_wconf 94' lang='lat' dir='ltr'><strong>et</strong></span> <span class='ocrx_word' id='word_1_105' title='bbox 738 2273 850 2346; x_wconf 91' lang='lat' dir='ltr'><strong>optata</strong></span> <span class='ocrx_word' id='word_1_106' title='bbox 872 2260 988 2325; x_wconf 89' lang='lat' dir='ltr'><strong>littoris</strong></span> <span class='ocrx_word' id='word_1_107' title='bbox 1011 2264 1147 2325; x_wconf 87' lang='lat' dir='ltr'><strong>statione</strong></span> <span class='ocrx_word' id='word_1_108' title='bbox 1169 2263 1321 2346; x_wconf 86' lang='lat' dir='ltr'><strong>gaudere,</strong></span> 
     </span>
     <span class='ocr_line' id='line_1_16' title="bbox 370 2360 1323 2447; baseline 0.001 -23"><span class='ocrx_word' id='word_1_109' title='bbox 370 2362 496 2426; x_wconf 88' lang='lat' dir='ltr'><strong>invitati</strong></span> <span class='ocrx_word' id='word_1_110' title='bbox 515 2360 554 2424; x_wconf 93' lang='lat' dir='ltr'><strong>ad</strong></span> <span class='ocrx_word' id='word_1_111' title='bbox 571 2360 864 2446; x_wconf 90' lang='lat' dir='ltr'><strong>comprandendum</strong></span> <span class='ocrx_word' id='word_1_112' title='bbox 881 2360 1020 2425; x_wconf 88' lang='lat' dir='ltr'><strong>Christo.</strong></span> <span class='ocrx_word' id='word_1_113' title='bbox 1067 2363 1227 2425; x_wconf 71' lang='lat' dir='ltr'><strong>Caeterum</strong></span> <span class='ocrx_word' id='word_1_114' title='bbox 1247 2362 1323 2447; x_wconf 89' lang='lat' dir='ltr'><strong>quia</strong></span> 
     </span>
     <span class='ocr_line' id='line_1_17' title="bbox 367 2461 1320 2549; baseline 0.002 -23"><span class='ocrx_word' id='word_1_115' title='bbox 367 2462 559 2526; x_wconf 89' lang='lat' dir='ltr'><strong>desideranti</strong></span> <span class='ocrx_word' id='word_1_116' title='bbox 585 2463 698 2526; x_wconf 89' lang='lat' dir='ltr'><strong>animae</strong></span> <span class='ocrx_word' id='word_1_117' title='bbox 725 2462 802 2525; x_wconf 91' lang='lat' dir='ltr'><strong>nihil</strong></span> <span class='ocrx_word' id='word_1_118' title='bbox 830 2461 907 2527; x_wconf 89' lang='lat' dir='ltr'><strong>satis</strong></span> <span class='ocrx_word' id='word_1_119' title='bbox 932 2462 1112 2541; x_wconf 87' lang='lat' dir='ltr'><strong>festinatur,</strong></span> <span class='ocrx_word' id='word_1_120' title='bbox 1133 2464 1214 2528; x_wconf 90' lang='lat' dir='ltr'><strong>mihi</strong></span> <span class='ocrx_word' id='word_1_121' title='bbox 1240 2464 1320 2549; x_wconf 93' lang='lat' dir='ltr'><strong>quid</strong></span> 
     </span>
     <span class='ocr_line' id='line_1_18' title="bbox 367 2564 1322 2648; baseline 0.003 -22"><span class='ocrx_word' id='word_1_122' title='bbox 367 2585 579 2648; x_wconf 86' lang='lat' dir='ltr'><strong>responsurus</strong></span> <span class='ocrx_word' id='word_1_123' title='bbox 600 2566 632 2627; x_wconf 91' lang='lat' dir='ltr'><strong>in</strong></span> <span class='ocrx_word' id='word_1_124' title='bbox 655 2587 710 2627; x_wconf 91' lang='lat' dir='ltr'><strong>ore</strong></span> <span class='ocrx_word' id='word_1_125' title='bbox 732 2564 850 2629; x_wconf 83' lang='lat' dir='ltr'><strong>habeas</strong></span> <span class='ocrx_word' id='word_1_126' title='bbox 866 2564 975 2629; x_wconf 91' lang='lat' dir='ltr'><strong>videor</strong></span> <span class='ocrx_word' id='word_1_127' title='bbox 997 2565 1120 2630; x_wconf 90' lang='lat' dir='ltr'><strong>intueri.</strong></span> <span class='ocrx_word' id='word_1_128' title='bbox 1174 2567 1259 2630; x_wconf 92' lang='lat' dir='ltr'><strong>Novi</strong></span> <span class='ocrx_word' id='word_1_129' title='bbox 1282 2566 1322 2631; x_wconf 90' lang='lat' dir='ltr'><strong>si-</strong></span> 
     </span>
     <span class='ocr_line' id='line_1_19' title="bbox 367 2664 1321 2753; baseline 0.003 -24"><span class='ocrx_word' id='word_1_130' title='bbox 367 2665 497 2752; x_wconf 91' lang='lat' dir='ltr'><strong>quidem</strong></span> <span class='ocrx_word' id='word_1_131' title='bbox 520 2665 752 2729; x_wconf 81' lang='lat' dir='ltr'><strong>festinationem</strong></span> <span class='ocrx_word' id='word_1_132' title='bbox 780 2664 983 2752; x_wconf 81' lang='lat' dir='ltr'><strong>perspicaciae</strong></span> <span class='ocrx_word' id='word_1_133' title='bbox 1005 2680 1079 2731; x_wconf 84' lang='lat' dir='ltr'><strong>tuae.</strong></span> <span class='ocrx_word' id='word_1_134' title='bbox 1127 2668 1223 2733; x_wconf 92' lang='lat' dir='ltr'><strong>Dices</strong></span> <span class='ocrx_word' id='word_1_135' title='bbox 1245 2692 1321 2753; x_wconf 82' lang='lat' dir='ltr'><strong>ergo</strong></span> 
     </span>
     <span class='ocr_line' id='line_1_20' title="bbox 369 2767 1320 2857; baseline 0.001 -25"><span class='ocrx_word' id='word_1_136' title='bbox 369 2767 465 2832; x_wconf 90' lang='lat' dir='ltr'><strong>Unde</strong></span> <span class='ocrx_word' id='word_1_137' title='bbox 484 2767 553 2832; x_wconf 88' lang='lat' dir='ltr'><strong>haec</strong></span> <span class='ocrx_word' id='word_1_138' title='bbox 569 2789 631 2831; x_wconf 90' lang='lat' dir='ltr'><strong>non</strong></span> <span class='ocrx_word' id='word_1_139' title='bbox 647 2767 839 2832; x_wconf 87' lang='lat' dir='ltr'><strong>confidentia</strong></span> <span class='ocrx_word' id='word_1_140' title='bbox 862 2768 917 2832; x_wconf 91' lang='lat' dir='ltr'><strong>sed</strong></span> <span class='ocrx_word' id='word_1_141' title='bbox 939 2770 1172 2855; x_wconf 85' lang='lat' dir='ltr'><strong>praesumptio?</strong></span> <span class='ocrx_word' id='word_1_142' title='bbox 1204 2768 1320 2857; x_wconf 93' lang='lat' dir='ltr'><strong>quibus</strong></span> 
     </span>
     <span class='ocr_line' id='line_1_21' title="bbox 367 2867 1321 2956; baseline 0.002 -22"><span class='ocrx_word' id='word_1_143' title='bbox 367 2871 454 2955; x_wconf 91' lang='lat' dir='ltr'><strong>quod</strong></span> <span class='ocrx_word' id='word_1_144' title='bbox 470 2867 649 2935; x_wconf 89' lang='lat' dir='ltr'><strong>vaticinaris</strong></span> <span class='ocrx_word' id='word_1_145' title='bbox 659 2870 818 2956; x_wconf 92' lang='lat' dir='ltr'><strong>approbas</strong></span> <span class='ocrx_word' id='word_1_146' title='bbox 829 2870 1045 2955; x_wconf 85' lang='lat' dir='ltr'><strong>argumentis?</strong></span> <span class='ocrx_word' id='word_1_147' title='bbox 1071 2873 1156 2935; x_wconf 92' lang='lat' dir='ltr'><strong>unde</strong></span> <span class='ocrx_word' id='word_1_148' title='bbox 1165 2875 1321 2956; x_wconf 89' lang='lat' dir='ltr'><strong>promissa</strong></span> 
     </span>
    </p>
   </div>
   <div class='ocr_carea' id='block_1_3' title="bbox 367 2972 1017 3143">
    <p class='ocr_par' dir='ltr' id='par_1_3' title="bbox 367 2972 1017 3143">
     <span class='ocr_line' id='line_1_22' title="bbox 367 2972 766 3059; baseline 0 -23"><span class='ocrx_word' id='word_1_149' title='bbox 367 2972 461 3038; x_wconf 91' lang='lat' dir='ltr'><strong>doces</strong></span> <span class='ocrx_word' id='word_1_150' title='bbox 475 2997 542 3038; x_wconf 90' lang='lat' dir='ltr'><strong>esse</strong></span> <span class='ocrx_word' id='word_1_151' title='bbox 556 2972 766 3059; x_wconf 85' lang='lat' dir='ltr'><strong>complenda?</strong></span> 
     </span>
     <span class='ocr_line' id='line_1_23' title="bbox 510 3071 1017 3143; baseline 0 -19"><span class='ocrx_word' id='word_1_152' title='bbox 510 3071 638 3124; x_wconf 90' lang='lat' dir='ltr'><strong>Pollicitis</strong></span> <span class='ocrx_word' id='word_1_153' title='bbox 650 3072 721 3123; x_wconf 86' lang='lat' dir='ltr'><strong>dives</strong></span> <span class='ocrx_word' id='word_1_154' title='bbox 733 3071 841 3140; x_wconf 88' lang='lat' dir='ltr'><strong>quilibet</strong></span> <span class='ocrx_word' id='word_1_155' title='bbox 853 3088 911 3124; x_wconf 89' lang='lat' dir='ltr'><strong>esse</strong></span> <span class='ocrx_word' id='word_1_156' title='bbox 922 3077 1017 3143; x_wconf 86' lang='lat' dir='ltr'><strong>potest.</strong></span> 
     </span>
    </p>
   </div>
   <div class='ocr_carea' id='block_1_4' title="bbox 363 3165 1321 4170">
    <p class='ocr_par' dir='ltr' id='par_1_4' title="bbox 363 3165 1321 4170">
     <span class='ocr_line' id='line_1_24' title="bbox 367 3165 1320 3256; baseline 0.004 -26"><span class='ocrx_word' id='word_1_157' title='bbox 367 3169 481 3230; x_wconf 91' lang='lat' dir='ltr'><strong>Nonne</strong></span> <span class='ocrx_word' id='word_1_158' title='bbox 496 3165 621 3251; x_wconf 86' lang='lat' dir='ltr'><strong>flagella</strong></span> <span class='ocrx_word' id='word_1_159' title='bbox 637 3165 766 3229; x_wconf 92' lang='lat' dir='ltr'><strong>duriora</strong></span> <span class='ocrx_word' id='word_1_160' title='bbox 777 3166 935 3231; x_wconf 89' lang='lat' dir='ltr'><strong>meruistis</strong></span> <span class='ocrx_word' id='word_1_161' title='bbox 946 3189 965 3229; x_wconf 94' lang='lat' dir='ltr'><strong>a</strong></span> <span class='ocrx_word' id='word_1_162' title='bbox 978 3167 1140 3231; x_wconf 82' lang='lat' dir='ltr'><strong>Domino?</strong></span> <span class='ocrx_word' id='word_1_163' title='bbox 1163 3170 1215 3233; x_wconf 87' lang='lat' dir='ltr'><strong>Ad</strong></span> <span class='ocrx_word' id='word_1_164' title='bbox 1232 3171 1320 3256; x_wconf 95' lang='lat' dir='ltr'><strong>quod</strong></span> 
     </span>
     <span class='ocr_line' id='line_1_25' title="bbox 365 3268 1320 3354; baseline 0.006 -25"><span class='ocrx_word' id='word_1_165' title='bbox 365 3290 443 3350; x_wconf 86' lang='lat' dir='ltr'><strong>ego:</strong></span> <span class='ocrx_word' id='word_1_166' title='bbox 469 3269 616 3354; x_wconf 83' lang='lat' dir='ltr'><strong>Expecta</strong></span> <span class='ocrx_word' id='word_1_167' title='bbox 631 3269 789 3334; x_wconf 91' lang='lat' dir='ltr'><strong>modicum</strong></span> <span class='ocrx_word' id='word_1_168' title='bbox 806 3282 838 3332; x_wconf 90' lang='lat' dir='ltr'><strong>et</strong></span> <span class='ocrx_word' id='word_1_169' title='bbox 855 3268 978 3334; x_wconf 90' lang='lat' dir='ltr'><strong>videbis</strong></span> <span class='ocrx_word' id='word_1_170' title='bbox 991 3269 1124 3354; x_wconf 85' lang='lat' dir='ltr'><strong>gloriam</strong></span> <span class='ocrx_word' id='word_1_171' title='bbox 1141 3271 1217 3337; x_wconf 90' lang='lat' dir='ltr'><strong>Dei:</strong></span> <span class='ocrx_word' id='word_1_172' title='bbox 1243 3285 1320 3336; x_wconf 87' lang='lat' dir='ltr'><strong>tunc</strong></span> 
     </span>
     <span class='ocr_line' id='line_1_26' title="bbox 366 3365 1320 3455; baseline 0.008 -26"><span class='ocrx_word' id='word_1_173' title='bbox 366 3365 617 3452; x_wconf 86' lang='lat' dir='ltr'><strong>publicabuntur</strong></span> <span class='ocrx_word' id='word_1_174' title='bbox 632 3381 831 3451; x_wconf 86' lang='lat' dir='ltr'><strong>argumenta,</strong></span> <span class='ocrx_word' id='word_1_175' title='bbox 847 3370 965 3455; x_wconf 87' lang='lat' dir='ltr'><strong>quibus</strong></span> <span class='ocrx_word' id='word_1_176' title='bbox 989 3391 1051 3433; x_wconf 92' lang='lat' dir='ltr'><strong>non</strong></span> <span class='ocrx_word' id='word_1_177' title='bbox 1074 3371 1240 3435; x_wconf 88' lang='lat' dir='ltr'><strong>miraberis</strong></span> <span class='ocrx_word' id='word_1_178' title='bbox 1263 3395 1320 3438; x_wconf 89' lang='lat' dir='ltr'><strong>nos</strong></span> 
     </span>
     <span class='ocr_line' id='line_1_27' title="bbox 365 3466 1320 3555; baseline 0.006 -25"><span class='ocrx_word' id='word_1_179' title='bbox 365 3466 550 3530; x_wconf 89' lang='lat' dir='ltr'><strong>credidisse:</strong></span> <span class='ocrx_word' id='word_1_180' title='bbox 579 3466 758 3530; x_wconf 90' lang='lat' dir='ltr'><strong>memineris</strong></span> <span class='ocrx_word' id='word_1_181' title='bbox 773 3468 862 3552; x_wconf 92' lang='lat' dir='ltr'><strong>quod</strong></span> <span class='ocrx_word' id='word_1_182' title='bbox 878 3491 979 3555; x_wconf 89' lang='lat' dir='ltr'><strong>quum</strong></span> <span class='ocrx_word' id='word_1_183' title='bbox 1003 3469 1202 3536; x_wconf 86' lang='lat' dir='ltr'><strong>obsideretur</strong></span> <span class='ocrx_word' id='word_1_184' title='bbox 1220 3475 1320 3537; x_wconf 89' lang='lat' dir='ltr'><strong>Israel</strong></span> 
     </span>
     <span class='ocr_line' id='line_1_28' title="bbox 364 3567 1319 3657; baseline 0.007 -25"><span class='ocrx_word' id='word_1_185' title='bbox 364 3570 397 3632; x_wconf 95' lang='lat' dir='ltr'><strong>in</strong></span> <span class='ocrx_word' id='word_1_186' title='bbox 421 3567 573 3642; x_wconf 86' lang='lat' dir='ltr'><strong>Samaria,</strong></span> <span class='ocrx_word' id='word_1_187' title='bbox 590 3579 621 3631; x_wconf 93' lang='lat' dir='ltr'><strong>et</strong></span> <span class='ocrx_word' id='word_1_188' title='bbox 643 3567 732 3630; x_wconf 94' lang='lat' dir='ltr'><strong>nulla</strong></span> <span class='ocrx_word' id='word_1_189' title='bbox 754 3592 825 3654; x_wconf 86' lang='lat' dir='ltr'><strong>spes</strong></span> <span class='ocrx_word' id='word_1_190' title='bbox 848 3571 1003 3634; x_wconf 88' lang='lat' dir='ltr'><strong>evadendi</strong></span> <span class='ocrx_word' id='word_1_191' title='bbox 1026 3585 1151 3657; x_wconf 90' lang='lat' dir='ltr'><strong>pateret</strong></span> <span class='ocrx_word' id='word_1_192' title='bbox 1172 3575 1319 3651; x_wconf 90' lang='lat' dir='ltr'><strong>obsessis,</strong></span> 
     </span>
     <span class='ocr_line' id='line_1_29' title="bbox 364 3670 1321 3758; baseline 0.007 -23"><span class='ocrx_word' id='word_1_193' title='bbox 364 3671 417 3735; x_wconf 91' lang='lat' dir='ltr'><strong>ille</strong></span> <span class='ocrx_word' id='word_1_194' title='bbox 442 3670 499 3757; x_wconf 91' lang='lat' dir='ltr'><strong>qui</strong></span> <span class='ocrx_word' id='word_1_195' title='bbox 524 3670 709 3735; x_wconf 91' lang='lat' dir='ltr'><strong>incredulus</strong></span> <span class='ocrx_word' id='word_1_196' title='bbox 734 3672 808 3746; x_wconf 89' lang='lat' dir='ltr'><strong>fuit,</strong></span> <span class='ocrx_word' id='word_1_197' title='bbox 838 3674 926 3758; x_wconf 94' lang='lat' dir='ltr'><strong>quod</strong></span> <span class='ocrx_word' id='word_1_198' title='bbox 952 3698 1017 3738; x_wconf 91' lang='lat' dir='ltr'><strong>uno</strong></span> <span class='ocrx_word' id='word_1_199' title='bbox 1048 3689 1163 3741; x_wconf 90' lang='lat' dir='ltr'><strong>statere</strong></span> <span class='ocrx_word' id='word_1_200' title='bbox 1192 3679 1321 3743; x_wconf 89' lang='lat' dir='ltr'><strong>modius</strong></span> 
     </span>
     <span class='ocr_line' id='line_1_30' title="bbox 366 3774 1321 3859; baseline 0.007 -22"><span class='ocrx_word' id='word_1_201' title='bbox 366 3774 477 3838; x_wconf 89' lang='lat' dir='ltr'><strong>similae</strong></span> <span class='ocrx_word' id='word_1_202' title='bbox 500 3787 556 3837; x_wconf 89' lang='lat' dir='ltr'><strong>aut</strong></span> <span class='ocrx_word' id='word_1_203' title='bbox 572 3774 682 3838; x_wconf 91' lang='lat' dir='ltr'><strong>hordei</strong></span> <span class='ocrx_word' id='word_1_204' title='bbox 699 3777 797 3839; x_wconf 91' lang='lat' dir='ltr'><strong>modii</strong></span> <span class='ocrx_word' id='word_1_205' title='bbox 813 3776 879 3839; x_wconf 92' lang='lat' dir='ltr'><strong>duo</strong></span> <span class='ocrx_word' id='word_1_206' title='bbox 896 3778 1119 3859; x_wconf 85' lang='lat' dir='ltr'><strong>venderentur,</strong></span> <span class='ocrx_word' id='word_1_207' title='bbox 1135 3780 1167 3842; x_wconf 94' lang='lat' dir='ltr'><strong>in</strong></span> <span class='ocrx_word' id='word_1_208' title='bbox 1183 3782 1321 3845; x_wconf 90' lang='lat' dir='ltr'><strong>crastino</strong></span> 
     </span>
     <span class='ocr_line' id='line_1_31' title="bbox 364 3876 1317 3967; baseline 0.006 -27"><span class='ocrx_word' id='word_1_209' title='bbox 364 3877 396 3940; x_wconf 94' lang='lat' dir='ltr'><strong>in</strong></span> <span class='ocrx_word' id='word_1_210' title='bbox 412 3887 505 3960; x_wconf 90' lang='lat' dir='ltr'><strong>porta</strong></span> <span class='ocrx_word' id='word_1_211' title='bbox 518 3876 667 3941; x_wconf 85' lang='lat' dir='ltr'><strong>Samariae</strong></span> <span class='ocrx_word' id='word_1_212' title='bbox 680 3877 760 3943; x_wconf 91' lang='lat' dir='ltr'><strong>vidit</strong></span> <span class='ocrx_word' id='word_1_213' title='bbox 776 3877 906 3963; x_wconf 89' lang='lat' dir='ltr'><strong>quidem</strong></span> <span class='ocrx_word' id='word_1_214' title='bbox 920 3880 1006 3964; x_wconf 93' lang='lat' dir='ltr'><strong>quod</strong></span> <span class='ocrx_word' id='word_1_215' title='bbox 1024 3881 1180 3967; x_wconf 89' lang='lat' dir='ltr'><strong>propheta</strong></span> <span class='ocrx_word' id='word_1_216' title='bbox 1192 3881 1317 3947; x_wconf 90' lang='lat' dir='ltr'><strong>dicente</strong></span> 
     </span>
     <span class='ocr_line' id='line_1_32' title="bbox 363 3975 1318 4063; baseline 0.008 -23"><span class='ocrx_word' id='word_1_217' title='bbox 363 4000 424 4040; x_wconf 91' lang='lat' dir='ltr'><strong>non</strong></span> <span class='ocrx_word' id='word_1_218' title='bbox 442 3975 586 4054; x_wconf 89' lang='lat' dir='ltr'><strong>credidit,</strong></span> <span class='ocrx_word' id='word_1_219' title='bbox 601 3977 657 4040; x_wconf 88' lang='lat' dir='ltr'><strong>sed</strong></span> <span class='ocrx_word' id='word_1_220' title='bbox 672 4000 786 4063; x_wconf 87' lang='lat' dir='ltr'><strong>expers</strong></span> <span class='ocrx_word' id='word_1_221' title='bbox 801 3979 945 4043; x_wconf 90' lang='lat' dir='ltr'><strong>beneficii</strong></span> <span class='ocrx_word' id='word_1_222' title='bbox 961 3980 1065 4045; x_wconf 81' lang='lat' dir='ltr'><strong>lactus</strong></span> <span class='ocrx_word' id='word_1_223' title='bbox 1081 3995 1127 4047; x_wconf 90' lang='lat' dir='ltr'><strong>est</strong></span> <span class='ocrx_word' id='word_1_224' title='bbox 1142 3983 1184 4047; x_wconf 92' lang='lat' dir='ltr'><strong>ob</strong></span> <span class='ocrx_word' id='word_1_225' title='bbox 1206 3983 1318 4048; x_wconf 86' lang='lat' dir='ltr'><strong>iulide-</strong></span> 
     </span>
     <span class='ocr_line' id='line_1_33' title="bbox 364 4078 1317 4170; baseline 0.012 -29"><span class='ocrx_word' id='word_1_226' title='bbox 364 4078 498 4154; x_wconf 86' lang='lat' dir='ltr'><strong>litatem,</strong></span> <span class='ocrx_word' id='word_1_227' title='bbox 527 4079 604 4163; x_wconf 90' lang='lat' dir='ltr'><strong>quia</strong></span> <span class='ocrx_word' id='word_1_228' title='bbox 632 4079 836 4144; x_wconf 91' lang='lat' dir='ltr'><strong>conculcatus</strong></span> <span class='ocrx_word' id='word_1_229' title='bbox 866 4105 885 4143; x_wconf 86' lang='lat' dir='ltr'><strong>a</strong></span> <span class='ocrx_word' id='word_1_230' title='bbox 914 4082 1017 4147; x_wconf 91' lang='lat' dir='ltr'><strong>turbis</strong></span> <span class='ocrx_word' id='word_1_231' title='bbox 1047 4085 1217 4170; x_wconf 90' lang='lat' dir='ltr'><strong>expiravit.</strong></span> <span class='ocrx_word' id='word_1_232' title='bbox 1273 4091 1317 4152; x_wconf 90' lang='lat' dir='ltr'><strong>At</strong></span> 
     </span>
    </p>
   </div>
   <div class='ocr_carea' id='block_1_5' title="bbox 362 4178 1317 4468">
    <p class='ocr_par' dir='ltr' id='par_1_5' title="bbox 362 4178 1317 4468">
     <span class='ocr_line' id='line_1_34' title="bbox 363 4178 1316 4272; baseline 0.01 -29"><span class='ocrx_word' id='word_1_233' title='bbox 363 4179 479 4266; x_wconf 89' lang='lat' dir='ltr'><strong>inquis,</strong></span> <span class='ocrx_word' id='word_1_234' title='bbox 496 4178 643 4264; x_wconf 91' lang='lat' dir='ltr'><strong>nunquid</strong></span> <span class='ocrx_word' id='word_1_235' title='bbox 659 4192 691 4244; x_wconf 91' lang='lat' dir='ltr'><strong>et</strong></span> <span class='ocrx_word' id='word_1_236' title='bbox 707 4193 742 4244; x_wconf 91' lang='lat' dir='ltr'><strong>tu</strong></span> <span class='ocrx_word' id='word_1_237' title='bbox 759 4182 917 4268; x_wconf 89' lang='lat' dir='ltr'><strong>propheta</strong></span> <span class='ocrx_word' id='word_1_238' title='bbox 932 4188 988 4246; x_wconf 89' lang='lat' dir='ltr'><strong>es?</strong></span> <span class='ocrx_word' id='word_1_239' title='bbox 1019 4207 1082 4248; x_wconf 92' lang='lat' dir='ltr'><strong>non</strong></span> <span class='ocrx_word' id='word_1_240' title='bbox 1099 4185 1232 4272; x_wconf 88' lang='lat' dir='ltr'><strong>utique:</strong></span> <span class='ocrx_word' id='word_1_241' title='bbox 1261 4189 1316 4252; x_wconf 91' lang='lat' dir='ltr'><strong>sed</strong></span> 
     </span>
     <span class='ocr_line' id='line_1_35' title="bbox 362 4281 1316 4371; baseline 0.006 -24"><span class='ocrx_word' id='word_1_242' title='bbox 362 4305 420 4347; x_wconf 90' lang='lat' dir='ltr'><strong>nec</strong></span> <span class='ocrx_word' id='word_1_243' title='bbox 434 4281 519 4345; x_wconf 88' lang='lat' dir='ltr'><strong>filius</strong></span> <span class='ocrx_word' id='word_1_244' title='bbox 539 4281 715 4366; x_wconf 88' lang='lat' dir='ltr'><strong>prophetae.</strong></span> <span class='ocrx_word' id='word_1_245' title='bbox 755 4284 916 4348; x_wconf 88' lang='lat' dir='ltr'><strong>Caeterum</strong></span> <span class='ocrx_word' id='word_1_246' title='bbox 932 4284 1011 4350; x_wconf 91' lang='lat' dir='ltr'><strong>nihil</strong></span> <span class='ocrx_word' id='word_1_247' title='bbox 1027 4287 1176 4371; x_wconf 89' lang='lat' dir='ltr'><strong>prohibet</strong></span> <span class='ocrx_word' id='word_1_248' title='bbox 1191 4289 1316 4354; x_wconf 84' lang='lat' dir='ltr'><strong>exulem</strong></span> 
     </span>
     <span class='ocr_line' id='line_1_36' title="bbox 365 4385 1317 4468; baseline 0.008 -22"><span class='ocrx_word' id='word_1_249' title='bbox 365 4386 395 4447; x_wconf 94' lang='lat' dir='ltr'><strong>in</strong></span> <span class='ocrx_word' id='word_1_250' title='bbox 412 4385 536 4448; x_wconf 89' lang='lat' dir='ltr'><strong>deserto</strong></span> <span class='ocrx_word' id='word_1_251' title='bbox 551 4395 713 4468; x_wconf 88' lang='lat' dir='ltr'><strong>pastorum</strong></span> <span class='ocrx_word' id='word_1_252' title='bbox 730 4407 801 4448; x_wconf 92' lang='lat' dir='ltr'><strong>curn</strong></span> <span class='ocrx_word' id='word_1_253' title='bbox 818 4386 863 4450; x_wconf 90' lang='lat' dir='ltr'><strong>eis</strong></span> <span class='ocrx_word' id='word_1_254' title='bbox 879 4385 1046 4450; x_wconf 88' lang='lat' dir='ltr'><strong>siccamina</strong></span> <span class='ocrx_word' id='word_1_255' title='bbox 1061 4386 1216 4454; x_wconf 89' lang='lat' dir='ltr'><strong>vellicare.</strong></span> <span class='ocrx_word' id='word_1_256' title='bbox 1250 4392 1317 4454; x_wconf 92' lang='lat' dir='ltr'><strong>Nec</strong></span> 
     </span>
    </p>
   </div>
   <div class='ocr_carea' id='block_1_6' title="bbox 0 0 1696 5525">
    <p class='ocr_par' dir='ltr' id='par_1_6' title="bbox 0 0 1696 5525">
     <span class='ocr_line' id='line_1_37' title="bbox 0 0 1696 5525; baseline 0 2"><span class='ocrx_word' id='word_1_257' title='bbox 0 0 1696 5525; x_wconf 95' lang='lat' dir='ltr'><strong> </strong></span> 
     </span>
    </p>
   </div>
  </div>
 </body>
</html>
