3384 5525
369 772 407 829 14
624 780 760 828 soranis
775 781 1053 827 stansonarnusrs
1225 766 1273 844 [n.
1292 784 1325 827 n.

362 944 474 1017 pentes
495 943 526 999 et
548 956 660 1016 reque,
685 942 723 997 ut
744 936 859 999 evellas
881 942 912 998 et
935 936 1101 1017 disperdas
1122 943 1154 998 ct
1174 936 1325 1017 dissipes,

365 1049 396 1103 et
413 1040 549 1120 redistees
568 1046 600 1102 et
617 1038 758 1120 plantes.
805 1036 893 1110 Quid
911 1059 985 1120 ergo
1006 1039 1152 1121 peccavit
1172 1038 1326 1101 dominus

365 1142 617 1218 Cantuariensis,
640 1143 668 1205 si
689 1142 875 1225 appellavit,
891 1142 918 1204 si
941 1141 1106 1225 prospexit
1128 1142 1199 1218 sibi,
1221 1142 1248 1203 si
1264 1163 1324 1223 pe·

362 1245 465 1327 percit
490 1245 651 1328 episcopis
680 1264 763 1326 quos
788 1244 957 1325 oportebat
981 1244 1093 1305 iterato
1119 1242 1160 1305 ad
1187 1241 1322 1304 damna·

363 1346 480 1408 tionem
512 1358 544 1409 et
566 1345 776 1429 ignominiam
808 1345 858 1408 sui
886 1366 1050 1429 perperam
1075 1343 1234 1427 judicare,
1264 1354 1323 1406 aut

364 1446 460 1527 regiae
475 1446 705 1530 indignationis
715 1446 921 1536 'intolerabile
937 1446 1043 1508 subire
1059 1443 1262 1528 dispendium
1278 1442 1289 1505 i

409 1547 552 1618 Qualiter
568 1559 675 1611 autem
691 1568 764 1630 pars
784 1547 926 1621 adversa,
941 1567 1013 1630 quae
1036 1556 1068 1607 et
1082 1546 1153 1628 ipsa
1175 1544 1322 1626 appella-

364 1647 486 1711 tionem
495 1649 643 1726 instituit,
654 1669 784 1713 causam
800 1660 996 1731 prosequuta
1012 1647 1062 1722 sit,
1073 1667 1137 1728 qua
1151 1644 1323 1721 modestia,

364 1771 428 1833 qua
450 1751 630 1815 sinceritate
653 1761 777 1813 versata
799 1750 840 1810 sit
863 1761 895 1810 et
919 1769 992 1810 cum
1015 1747 1177 1821 Ecclesia,
1192 1757 1224 1807 et
1245 1768 1322 1810 cum

363 1851 552 1927 adversario,
575 1852 663 1912 novit
685 1852 776 1911 Deus
801 1862 834 1909 et
850 1848 986 1930 judicet,
1009 1856 1041 1908 et
1064 1845 1155 1907 vobis
1177 1847 1324 1925 ignotum

365 1973 434 2015 esse
459 1971 524 2012 non
551 1959 667 2032 potest.
716 1948 863 2029 Seipsum
891 1947 1010 2028 poterit
1034 1946 1107 2027 quis
1132 1946 1263 2007 irridere
1293 1963 1328 2011 et

364 2065 473 2113 texere
486 2049 578 2113 dolos
593 2050 625 2110 in
638 2048 774 2111 animam
793 2068 901 2110 suam:
924 2048 979 2110 sed
996 2047 1138 2130 prolecto
1151 2048 1239 2109 Deus
1255 2070 1326 2113 non

368 2151 522 2214 irridetur.
568 2151 741 2212 Biennium
760 2151 828 2234 jam
844 2152 988 2231 elapsum
1012 2160 1069 2226 est,
1086 2162 1213 2232 tempus
1233 2152 1326 2216 vide-

365 2253 443 2315 licet
465 2250 551 2335 quod
577 2252 815 2334 appellantibus
842 2253 1042 2332 suffragatur,
1064 2272 1166 2333 eoque
1193 2254 1325 2318 evoluto

367 2374 426 2434 pro
451 2366 539 2436 parte
567 2352 688 2416 domini
716 2352 957 2417 Cautuariensis
984 2367 1032 2417 est
1054 2354 1120 2417 lata
1145 2357 1325 2420 sententia:

260 2524 263 2529 ,
367 2455 427 2517 etsi
449 2454 555 2518 adhuc
579 2476 619 2518 ex
644 2456 880 2538 dispensatione
904 2454 1102 2538 quorundam
1118 2477 1222 2519 rerum
1245 2479 1324 2522 exe·

367 2557 452 2619 cutio
474 2556 643 2619 differatur.
688 2556 846 2620 Omnibus
863 2568 965 2620 autem
982 2557 1050 2641 jam
1066 2578 1252 2639 persuasum
1273 2572 1326 2622 est

368 2659 474 2721 Deum
489 2659 675 2721 timentibus
699 2658 785 2741 quod
807 2658 1068 2742 archiepiscopus
1087 2671 1118 2722 et
1133 2660 1181 2721 sui
1205 2660 1326 2743 injuste

367 2758 536 2842 proscripti
551 2771 635 2822 suut.
664 2759 738 2832 Quo
750 2758 836 2822 enim
848 2757 921 2842 jure
933 2758 1099 2822 confiscati
1116 2771 1190 2823 sunt
1202 2758 1327 2824 reditus

366 2855 579 2925 elericorum?
605 2861 649 2922 Et
666 2881 729 2944 qua
748 2861 973 2944 episcoporum
995 2862 1149 2944 patientia
1163 2863 1327 2928 Ecclesiae

367 2974 399 3026 et
422 2960 506 3027 bona
527 2958 636 3026 altaris
657 2962 777 3026 Christi
799 2964 1077 3046 persequutoribus
1100 2965 1258 3027 Ecclesiae
1281 2967 1325 3028 ad

365 3062 491 3126 libitum
512 3062 744 3145 exponuntur?
776 3065 856 3135 Quae
876 3064 1000 3147 justitio
1022 3065 1211 3149 proscripsit
1229 3067 1326 3129 inno·

368 3176 477 3227 centes
499 3165 568 3227 sine
590 3166 719 3228 delectu
740 3165 947 3245 professionis
965 3177 998 3228 et
1020 3166 1149 3244 ordinis,
1165 3169 1270 3232 aetatis
1292 3180 1328 3233 et

368 3263 483 3327 sexus?
508 3264 588 3336 Quis
605 3285 744 3346 unquam
762 3276 849 3328 tanta
860 3266 1056 3330 immanitate
1069 3269 1214 3332 distraxit
1224 3291 1327 3354 copu-

369 3361 432 3428 lam
455 3364 661 3448 nuptiarum?
691 3366 736 3428 Et
752 3377 857 3429 tamen
873 3368 902 3429 ei
918 3368 974 3451 qui
994 3369 1157 3445 fecithoc,
1174 3372 1214 3432 ab
1236 3373 1325 3454 epis·

369 3466 460 3548 copis
474 3466 667 3531 innocentiae
684 3477 716 3530 et
731 3467 865 3551 justitias
885 3470 1100 3534 testimonium
1122 3472 1274 3552 redditur,
1290 3488 1327 3538 nt

367 3565 505 3628 insuam
522 3565 741 3629 confusionem
765 3578 797 3630 et
811 3568 988 3650 perniciem
1011 3569 1116 3633 dicere
1132 3584 1163 3634 et
1185 3573 1326 3636 scribere

366 3689 431 3731 nou
454 3669 650 3746 erubescant,
673 3667 749 3752 quia
772 3690 829 3732 rex
852 3670 871 3702 “
885 3669 979 3734 dulce
1005 3683 1095 3753 putat
1121 3673 1326 3758 obsequium,

366 3791 463 3854 quum
479 3781 626 3834 monetur
642 3781 678 3832 ut
693 3771 840 3852 corrigat,
858 3771 977 3854 siquid
993 3772 1126 3857 deliquit
1141 3774 1173 3836 in
1186 3776 1326 3838 Deum.'‘

365 3873 454 3950 Ergo
470 3885 524 3934 aut
538 3893 581 3935 ex
597 3893 704 3934 eorum
721 3872 880 3937 sententia
896 3895 960 3936 non
976 3874 1146 3959 delinquit,
1159 3887 1213 3938 aut
1228 3878 1258 3938 ei
1276 3879 1326 3940 in·

367 3972 503 4034 fideliter
528 3986 649 4053 gratum
676 3984 708 4037 et
733 3973 880 4038 debitum
906 3977 1094 4058 obsequium
1122 3979 1326 4057 subtrahunt,

367 4082 423 4135 aut
443 4071 550 4153 palam
572 4073 769 4137 mentiuntur
789 4071 822 4137 in
846 4077 954 4159 capita
975 4099 1051 4143 sua:
1081 4081 1156 4164 quia
1178 4103 1213 4143 os
1236 4083 1325 4166 quod

367 4173 519 4237 mentitur
545 4175 666 4239 occidit
690 4177 838 4242 animam.
885 4181 960 4243 Nou
987 4192 1035 4244 est
1064 4184 1119 4266 qni
1148 4185 1177 4246 ei
1207 4185 1327 4249 audeat

369 4276 577 4352 denunciare,
593 4276 681 4361 quod
701 4279 832 4362 expedit
854 4282 994 4347 audienti
1009 4285 1128 4368 pariter
1147 4298 1178 4349 et
1193 4287 1325 4352 dicenti.

368 4382 441 4444 Non
469 4387 517 4443 est
543 4380 600 4463 qui
627 4378 714 4445 dicat
740 4403 813 4447 cum
840 4386 972 4468 Moyse:
1003 4387 1140 4451 Dimitte
1162 4392 1327 4470 populum
