3384 5525
361 775 424 833 222
632 787 768 832 rasurus
783 786 1063 831 snausaaumusm
1221 770 1267 850 [n.
1285 787 1315 831 u.

363 940 518 1025 populum
545 960 638 1001 snum
668 962 686 1000 a
716 937 864 1002 faucibus
894 938 1017 1002 Juliani
1047 938 1178 1024 eripuit.
1228 940 1317 1004 Deus

365 1050 448 1103 certe
463 1062 502 1102 ex
518 1038 584 1103 alto
598 1040 761 1125 prospicit,
772 1039 830 1125 qui
845 1038 962 1103 electos
977 1062 1052 1104 suos
1067 1062 1165 1126 supra
1180 1039 1214 1102 id
1231 1040 1315 1125 quod

365 1154 509 1227 possunt,
524 1142 638 1205 tentari
663 1165 725 1204 non
751 1140 903 1227 patietur,
925 1141 967 1205 de
988 1141 1058 1227 ipsa
1078 1141 1261 1227 jucundum
1287 1154 1317 1205 et

364 1241 537 1327 gloriosum
553 1241 699 1306 facturus
714 1244 893 1306 tentatione
908 1256 1112 1328 proventum.

408 1347 458 1409 Ut
486 1357 592 1410 autem
624 1344 868 1410 sollicitudiuem
900 1357 988 1410 tuam
1019 1369 1059 1411 ex
1089 1347 1199 1435 aliqua
1229 1360 1318 1433 parte

365 1447 521 1531 mitigem,
555 1445 747 1511 Fredericus
785 1447 986 1512 Teutonicus
1021 1449 1210 1534 Tyrannus,
1248 1452 1318 1513 Deo

364 1549 570 1636 propitiante,
598 1571 706 1635 pacem
737 1571 809 1612 cum
836 1548 967 1614 ecclesia
996 1550 1142 1615 facturus
1168 1550 1318 1627 creditur,
1399 1601 1402 1606 .

365 1665 477 1737 petens
492 1662 528 1714 ut
539 1649 640 1714 filium
654 1673 748 1714 suum
764 1662 840 1715 natu
859 1650 1148 1737 secundum,quem
1165 1651 1197 1716 in
1214 1673 1318 1734 regem

365 1752 440 1836 eligi
455 1751 591 1827 fecit,=in
608 1752 836 1837 Imperatorem
859 1752 991 1839 recipiat
1011 1752 1160 1816 dominus
1176 1775 1273 1839 papa,
1289 1765 1320 1817 et

366 1877 385 1919 a
400 1854 562 1919 catholicis
576 1853 731 1941 episcopis
752 1854 917 1940 praecipiat
939 1856 1124 1937 consecrari,
1139 1856 1320 1942 apostolicae

366 1956 433 2020 sedi
459 1956 648 2042 pariturum,
672 1955 750 2019 dum
778 1967 883 2019 tamen
911 1956 1102 2021 Fredericus
1127 1957 1159 2021 in
1187 1980 1320 2043 persona

366 2079 423 2121 sua
445 2056 568 2122 nullum
591 2056 811 2141 apostolicum,
835 2057 895 2121 nisi
911 2056 998 2140 velit,
1020 2059 1160 2145 recipere
1183 2058 1320 2145 compel-

366 2157 463 2236 latur,
479 2172 595 2244 praeter
611 2160 743 2223 Petrum
760 2172 790 2223 et
814 2158 903 2235 aliea,
921 2160 977 2246 qui
993 2159 1025 2223 in
1041 2160 1129 2224 coelis
1144 2172 1229 2224 sunt.
1276 2161 1319 2224 Et

365 2260 398 2324 in
414 2260 463 2324 his
477 2261 570 2325 facile
591 2260 770 2341 audiretur,
787 2261 813 2325 si
835 2284 898 2325 non
921 2261 1022 2347 pactis
1044 2264 1207 2335 insereret,
1230 2273 1266 2325 ut
1288 2261 1320 2324 in

365 2361 521 2447 gradibus
540 2374 572 2425 et
592 2361 808 2447 dignitatibus
831 2364 898 2425 suis
917 2374 1111 2441 remaneant,
1131 2361 1189 2447 qui
1210 2378 1321 2426 sunta

366 2462 573 2527 schismaticis
587 2463 806 2528 haeresiarchis
821 2462 960 2528 ordinati
983 2476 1015 2529 et
1031 2464 1215 2529 consecrati.
1249 2466 1321 2530 Stat

364 2563 397 2627 in
413 2564 473 2627 hoc
482 2565 603 2629 calculo
618 2564 657 2628 lis
671 2565 787 2644 adhuc,
797 2565 852 2629 sed
865 2579 1003 2652 utraque
1013 2588 1088 2653 pars
1103 2590 1143 2629 ex
1157 2566 1321 2653 aliquibus

365 2662 463 2750 signis
485 2664 516 2727 in
540 2663 677 2751 quadam
702 2664 865 2750 petitionis
884 2678 975 2751 parte
995 2666 1087 2729 alteri
1110 2688 1236 2730 cessura
1255 2689 1322 2730 esse

365 2767 580 2855 praesumitur.
625 2768 718 2845 Quod
743 2768 868 2854 plenius
889 2769 1076 2846 innotescet,
1099 2792 1215 2854 quum,
1234 2769 1321 2855 quod

365 2872 398 2936 in
423 2872 511 2937 brevi
535 2884 692 2958 speratur,
713 2871 802 2935 verbi
825 2883 1046 2956 procuratores
1068 2871 1179 2957 hujuS,
1204 2871 1323 2937 Cister-

365 2974 474 3039 tiensis
489 2987 520 3039 et
537 2971 813 3041 Clara-Vallensis
828 2972 960 3036 abbates
974 2972 1016 3036 ab
1030 2970 1161 3036 ecclesia
1179 2970 1323 3036 Romana

366 3077 527 3142 redierint.
574 3078 681 3139 Pauca
696 3073 883 3139 familiarius
907 3076 1008 3140 Lator
1028 3074 1233 3161 praesentium
1250 3097 1322 3161 pro·

366 3189 529 3260 sequetur,
555 3177 645 3262 cujus
674 3198 782 3240 curam
814 3196 926 3261 precor
952 3175 1062 3239 baberi
1088 3175 1196 3252 facias,
1223 3175 1323 3238 donec

365 3277 576 3351 convalescat,
600 3278 632 3340 in
654 3300 721 3364 quo
743 3291 775 3341 et
797 3276 929 3340 fratrem
952 3298 1070 3358 meum,
1091 3278 1200 3364 quoad
1224 3275 1325 3340 medi·

365 3379 468 3444 cinam
491 3379 640 3465 pertinet,
663 3379 830 3443 sollicitum
856 3403 922 3444 esse
944 3379 1099 3446 desidero.
1145 3381 1254 3457 Quum
1277 3401 1324 3441 re-

367 3483 434 3546 latu
451 3480 548 3566 digna
567 3481 764 3558 emerserint,
780 3505 817 3545 ea
831 3483 959 3548 favente
983 3487 1053 3547 Deo
1073 3483 1114 3547 ad
1131 3496 1221 3548 tuam
1237 3481 1323 3546 citis·

367 3581 444 3670 sime
455 3581 600 3647 notitiam
613 3583 823 3667 perferentur.
856 3585 944 3661 Vale,
957 3598 988 3650 et
1002 3598 1130 3650 tuorum
1143 3582 1324 3647 memineris

368 3697 441 3750 ante
456 3688 573 3749 Deum.

366 3917 589 3980 EPISTOLA
611 3917 887 3981 cultelli-n>
904 3936 1057 3980 aoupau.
1092 3915 1136 3995 [A.
1149 3936 1180 3978 n.
1200 3915 1309 3995 1170.]

493 4086 669 4148 Baldwino
681 4086 864 4148 Econianai
878 4087 1103 4148 archidiacono
1116 4085 1151 4147 J.
1167 4084 1204 4148 S.

411 4212 529 4273 Mmro
552 4207 612 4272 tibi
634 4207 756 4273 litteras
781 4232 862 4295 quas
884 4208 1014 4272 domino
1037 4210 1192 4273 Cantuar.
1217 4205 1323 4270 nuncii

369 4310 419 4375 sui
440 4334 459 4374 a
481 4311 569 4374 curia
591 4332 694 4394 nuper
716 4309 881 4390 miserunt,
904 4333 943 4373 ex
968 4310 1089 4393 quibus
1110 4333 1178 4373 esse
1201 4309 1326 4373 cautior

370 4411 500 4496 poteris,
537 4423 573 4475 ut
612 4433 672 4473 non
708 4409 799 4474 facile
836 4411 923 4474 omni
960 4409 1088 4496 spiritui
1127 4408 1324 4494 adquiescas.
