3384 5525
369 760 431 817 924
630 769 766 812 sonuum
782 766 1061 812 snaasnnursusrs
1229 748 1275 828 [a.
1295 768 1325 810 n.

367 922 513 985 dovensis
523 920 772 983 archidiaconus.
805 917 866 981 Sed
880 916 967 981 nulla
982 916 1132 980 instantia
1146 928 1324 1000 potuerunt

366 1023 498 1100 efficere,
513 1033 548 1086 ut
563 1045 616 1084 eos
632 1020 691 1084 nisi
714 1020 863 1084 confusos
883 1019 1059 1083 dimitteret
1076 1019 1225 1082 dominus
1242 1042 1324 1104 papa

366 1137 535 1208 antequam
550 1145 641 1187 suum
654 1123 804 1206 reciperet
818 1121 1022 1199 Gratianum,
1034 1120 1066 1184 in
1078 1121 1170 1206 cujus
1182 1119 1321 1184 adventu

366 1248 485 1289 cornua
510 1247 619 1288 eorum
647 1246 788 1308 repressa
812 1235 899 1296 suut,
926 1233 958 1284 et
986 1234 1101 1296 retusa,
1127 1233 1159 1285 et
1183 1221 1321 1286 ecclesiae

367 1350 471 1405 causa,
493 1324 633 1388 revelata
655 1322 779 1409 plenius
802 1323 947 1399 veritate,
970 1324 1072 1405 magis
1094 1335 1126 1385 et
1154 1323 1254 1405 magis
1275 1322 1320 1384 in·

367 1428 477 1492 valuit.
524 1429 606 1490 Nam
628 1441 658 1489 et
675 1426 864 1511 conjuratio,
881 1449 956 1512 quae
973 1424 1012 1487 ad
1029 1424 1131 1487 instar
1147 1424 1321 1487 schismatis

367 1530 434 1593 fieri
450 1529 625 1613 cogebatur
639 1528 670 1591 in
690 1527 819 1613 Anglia,
836 1528 977 1591 ccclesiae
993 1538 1214 1612 contraquam
1232 1550 1320 1612 para-

366 1632 463 1695 batur
478 1630 674 1716 profectibus
696 1629 856 1693 militabit.
903 1627 1038 1714 Sequuti
1055 1641 1128 1691 sunt
1144 1628 1197 1691 alii
1214 1628 1319 1692 nuncii

367 1755 406 1795 ex
430 1745 520 1817 parte
544 1730 646 1814 regis:
680 1729 829 1814 AEgidius
854 1730 972 1793 scilicet
998 1729 1268 1815 Rothomageusis
1289 1743 1320 1796 et

365 1835 529 1897 «Iohannes
541 1832 698 1916 Sagiensis
710 1830 933 1910 archidiaconi,
942 1843 972 1895 et
985 1831 1125 1894 famosus
1135 1831 1188 1894 ille
1195 1834 1321 1918 jurator

367 1934 505 1998 decanus
522 1936 624 1998 Sares.
640 1946 848 1998 retractantes
864 1933 1006 2019 priorum
1024 1934 1204 2017 petitiones,
1220 1949 1252 1999 ct
1274 1934 1320 1997 di·

367 2048 473 2099 centes
494 2035 656 2099 dominum
678 2058 783 2119 regem
805 2057 944 2113 causam,
959 2058 1034 2119 quae
1056 2035 1267 2120 interipsum
1290 2050 1319 2100 et

369 2140 521 2202 Cantuar.
548 2136 819 2222 archiepiscopum
849 2136 995 2211 vertitur,
1020 2149 1052 2199 et
1076 2137 1211 2200 formam
1235 2138 1319 2224 pacis

368 2240 451 2303 inter
466 2263 518 2303 eos
534 2239 742 2302 reformanda
755 2261 883 2323 prorsus
894 2238 927 2300 in
940 2237 1058 2301 domiui
1071 2261 1164 2324 papae
1179 2240 1320 2303 conferre

368 2341 547 2414 arbitrium,
564 2356 595 2404 et
619 2362 714 2425 super
736 2339 796 2402 hoc
819 2340 919 2425 ipsius
941 2340 1024 2425 regis
1045 2340 1184 2405 bullatas
1201 2341 1320 2405 litteras

368 2441 581 2526 protulerunt.
627 2440 722 2514 Quod
739 2440 887 2505 dominus
902 2463 985 2527 papa
1005 2441 1175 2526 benignius
1190 2442 1320 2506 audiens
1354 2470 1358 2476 ’

368 2543 435 2624 regi
461 2544 686 2626 gratulatorias
712 2542 837 2627 scripsit
864 2541 996 2618 litteras,
1023 2565 1161 2628 quarum
1189 2544 1249 2609 tibi
1274 2568 1320 2609 re-

370 2645 522 2730 scriptum
540 2648 643 2709 mitto,

412 2747 546 2813 interim
562 2771 616 2812 rex
633 2771 704 2811 cum
721 2748 784 2812 alio
799 2772 885 2833 rege,
897 2748 1057 2814 mediante
1069 2750 1209 2836 Tyrensi
1219 2752 1318 2816 archi-

366 2850 527 2936 episcopo,
548 2851 589 2914 de
611 2851 751 2915 tollenda
773 2874 866 2914 cruce
889 2853 1057 2932 tractabat,
1078 2853 1171 2938 eique
1194 2877 1320 2940 persua-

367 2967 449 3017 serat
466 2953 659 3040 interpositis
679 2954 880 3018 cautionibus
899 2956 993 3040 (quas
1015 2956 1152 3041 exprimi
1172 2979 1232 3042 pro
1252 2980 1319 3042 per-

367 3078 451 3119 sonae
467 3061 642 3120 reverentia
657 3079 718 3119 non
740 3059 881 3140 oportet)
898 3056 987 3141 quod
1002 3080 1021 3118 a
1036 3060 1182 3142 proximo
1198 3059 1319 3122 Pascha

366 3157 397 3219 in
422 3180 537 3222 annum
560 3158 740 3243 arripiendo
754 3157 860 3222 itineri
883 3157 1074 3242 accingetur.
1121 3160 1166 3223 Et
1188 3159 1318 3244 quidem

367 3258 426 3321 sub
442 3281 479 3320 eo
494 3273 654 3343 praetextu
671 3259 976 3326 Christianissimum
998 3260 1170 3347 principem
1188 3261 1218 3324 in
1235 3285 1319 3325 com·

368 3358 1319 3449 ponendisfinibussuishabebatadjutorem,doneccollusio

367 3460 446 3523 inita
462 3483 534 3523 cum
552 3465 693 3526 Hervaeo
708 3463 748 3525 de
763 3467 877 3528 Monte
894 3464 1047 3544 Mirabili,
1063 3464 1153 3529 illum
1170 3489 1209 3529 ex
1226 3489 1318 3531 causa

366 3560 524 3645 probabili
550 3561 624 3625 fecit
656 3585 722 3625 esse
752 3576 951 3648 suspectum:
991 3566 1218 3650 suspectiorem
1245 3589 1318 3629 vero

367 3663 452 3747 quod
473 3663 667 3749 colloquium
688 3678 718 3728 et
742 3665 942 3729 concordiam
963 3667 1047 3752 regis
1069 3668 1265 3732 Francorum
1287 3684 1317 3734 et

365 3764 490 3827 comitis
513 3764 642 3828 Flandr.
666 3768 788 3831 studuit
814 3768 978 3854 impedire.
1023 3771 1072 3834 Ut
1094 3783 1199 3834 tamen
1224 3772 1318 3836 devo-

365 3864 482 3928 tionem
499 3865 647 3930 tollendae
660 3869 762 3932 crucis
778 3870 974 3955 probabilius
990 3885 1156 3953 astrueret,
1165 3895 1223 3958 per
1234 3875 1317 3938 viros

365 3989 496 4050 magnos
516 3982 548 4031 et
571 3968 733 4053 religiosos
753 3987 784 4035 et
805 3995 863 4057 per
877 3972 1048 4036 familiares
1064 3997 1148 4056 suos,
1165 3974 1262 4054 (sicut
1278 3999 1318 4039 ex

364 4067 480 4132 litteris
496 4092 604 4132 eorum
622 4071 754 4153 videbis)
765 4097 836 4137 cnm
853 4076 983 4139 ecclesia
998 4076 1039 4140 de
1054 4100 1132 4162 pace
1148 4079 1317 4154 tractabat,

364 4181 457 4233 utens
472 4169 591 4233 domini
609 4172 774 4256 Tyrensis,
791 4174 893 4238 officio
909 4175 940 4238 in
958 4176 1016 4240 hac
1032 4199 1139 4253 causa,
1156 4178 1206 4242 cui
1223 4183 1317 4244 etiam

362 4271 574 4358 praesentibus
603 4274 856 4362 archiepiscopis
885 4278 1053 4363 episcopis,
1079 4280 1262 4361 abbatibus,
1288 4294 1319 4345 et

362 4374 469 4439 multis
484 4374 668 4460 proceribus
683 4384 873 4456 convocatis,
890 4380 993 4465 primo
1016 4384 1122 4445 Deum
1139 4395 1171 4447 et
1189 4383 1242 4463 (ut
1257 4384 1319 4448 dici
