3384 5525
223 769 334 848 nee]
615 784 793 828 nersronn.
1140 772 1176 830 ll

218 942 324 1015 Deus,
339 936 426 1021 quod
448 946 602 1020 tyrannus
622 940 714 1020 plura
728 937 843 1021 jubere
865 936 1000 1014 erubuit,
1016 958 1114 1020 quarn
1129 939 1178 1000 illi

218 1040 406 1124 adimplere.
462 1040 584 1104 Omnes
613 1053 704 1102 erant
734 1039 922 1102 Balaamitae
953 1039 1177 1120 excogitantes

219 1164 285 1226 qua
308 1151 373 1204 arte
395 1141 625 1205 maledicerent
647 1153 679 1203 et
700 1140 952 1203 condemnarent
974 1161 1103 1203 causam
1126 1142 1180 1204 cui

219 1240 392 1305 benedixit
414 1241 585 1304 Dominus,
630 1240 818 1303 Suadebant
838 1241 925 1302 mala
949 1239 1020 1303 fieri
1047 1253 1084 1301 ut
1105 1263 1177 1325 pro-

221 1343 367 1405 venirent
390 1344 486 1419 bona,
502 1340 590 1405 etad
606 1339 814 1422 mitigandam
836 1342 1073 1425 persequutoris
1095 1342 1181 1405 insa·

220 1445 307 1506 niam
323 1445 524 1527 perniciosas
538 1442 778 1525 possessionum
792 1450 825 1504 et
839 1442 942 1505 divini
953 1442 1035 1526 juris
1051 1442 1178 1527 dispen-

220 1546 361 1609 sationes
383 1546 519 1610 admitti.
564 1544 660 1619 Quod
682 1555 805 1608 certum
828 1554 896 1606 erat
917 1546 1126 1609 revocabatur
1144 1548 1177 1609 in

221 1649 367 1727 dubium,
382 1660 417 1712 ut
432 1649 592 1712 cornicum
614 1647 695 1710 illud
710 1647 774 1710 fere
791 1648 824 1708 in
841 1648 984 1710 omnium
1001 1648 1179 1712 volveretur

223 1749 340 1812 animis

468 1844 548 1908 Quod
560 1846 622 1909 seio,
634 1846 731 1898 nescio.

221 1959 302 2032 Quis
317 1957 403 2022 enim
419 1959 586 2022 nesciebat
600 1957 688 2042 qnod
702 1978 760 2021 rex
780 1957 1009 2021 cancellarium
1025 1978 1117 2020 suum
1134 1959 1175 2021 ab

221 2061 309 2123 omni
324 2058 596 2123 administratione
617 2069 648 2121 et
668 2060 866 2139 obligatione
887 2060 1025 2122 liberum
1038 2058 1178 2122 reddidit

221 2161 262 2224 ad
273 2162 414 2243 regimen
430 2160 671 2225 cantuariensis
687 2158 867 2223 Ecclesiae?
893 2160 955 2223 Cui
970 2161 1115 2241 ignotum
1130 2171 1179 2223 est

222 2273 343 2346 quanta
366 2262 517 2325 instantia
539 2263 586 2324 illi
609 2284 628 2325 a
650 2262 726 2325 sede
750 2273 853 2345 apost.
876 2262 1008 2345 pallium
1029 2263 1178 2345 impetra·

221 2364 288 2427 vit?
314 2361 392 2448 quid
415 2374 528 2446 postea
550 2363 743 2446 promiserit,
758 2375 794 2426 ut
816 2362 1065 2427 consuetudines
1081 2361 1179 2447 (quas

222 2466 350 2546 dicunt)
363 2465 476 2539 avitas,
489 2474 521 2526 et
531 2484 641 2527 revera
656 2466 828 2547 pravitates
838 2475 925 2544 sunt,
939 2464 1180 2528 admitterentur

221 2566 369 2651 plurimis
378 2579 489 2630 notum
500 2578 558 2629 est.
576 2567 848 2650 Archiepiscopus
858 2580 964 2632 tamen
974 2568 1014 2631 ad
1025 2568 1178 2631 malitiam

223 2667 463 2732 calumniatoris
478 2687 521 2729 ex
537 2666 686 2751 judicum
706 2669 875 2752 iniquitate
891 2680 946 2733 aut
961 2670 1178 2751 simplicitate,

223 2781 278 2833 aut
293 2770 552 2853 dispensatione:
576 2790 676 2852 quum
697 2781 804 2834 tamen
828 2770 870 2833 ad
890 2770 952 2834 hoc
967 2779 1099 2833 vocatus
1112 2790 1178 2830 non

223 2872 375 2948 venisset,
395 2872 567 2952 urgebatur
586 2870 628 2933 ad
648 2871 853 2950 litigandum,
869 2870 910 2933 ad
932 2871 1008 2932 satis
1027 2866 1179 2942 dandum,

223 2994 321 3055 quum
330 2986 439 3035 tamen
450 2992 614 3054 possessor
625 2980 710 3034 esset
721 2971 926 3053 amplissimae
937 2970 982 3031 rei
992 2969 1179 3042 immobilis,

223 3086 256 3136 ut
272 3074 327 3135 vix
342 3093 385 3136 ex
400 3093 499 3136 causa
521 3071 713 3152 gravissimae
735 3070 931 3133 infirmitatis
945 3069 986 3132 ad
1001 3068 1179 3132 deliberan-

223 3173 299 3237 dum
316 3176 412 3239 unius
427 3173 562 3238 dieculae
577 3186 687 3258 posset
701 3173 849 3237 inducias
863 3173 1041 3257 impetrare.
1074 3172 1179 3236 Antea

224 3289 330 3339 tamen
350 3299 424 3340 eum
443 3278 557 3362 iniquo
571 3276 697 3361 judicio
720 3277 1023 3355 condemnaverant,
1039 3285 1071 3337 et
1090 3273 1179 3359 quod

223 3378 314 3442 sedes
343 3381 521 3463 apostolica
550 3400 649 3442 cansa
679 3380 810 3460 cognita
838 3380 1029 3444 retractavit.
1076 3378 1179 3463 Cujus

222 3481 455 3544 retractationis
478 3481 564 3565 apud
591 3501 652 3544 nos
680 3481 882 3562 privilegium
911 3491 1008 3544 extat.
1060 3482 1178 3544 Nonne

224 3602 297 3663 ergo
307 3580 439 3666 judices
455 3582 560 3666 potuit
581 3592 614 3645 et
637 3583 751 3645 debuit
772 3582 890 3646 habere
906 3581 1096 3665 suspectos?
1121 3581 1178 3645 sed

223 3682 358 3746 tortasse
373 3683 495 3747 dicetur
510 3684 597 3768 quod
618 3686 708 3767 ipsos
727 3688 897 3766 oportebat
917 3705 985 3746 non
1000 3683 1039 3747 de
1054 3684 1179 3747 consci-

225 3785 310 3847 entia
325 3805 395 3863 sua,
410 3785 467 3848 sed
483 3785 523 3849 de
538 3787 676 3869 partium
696 3785 942 3866 allegationibus
955 3786 1035 3847 ferre
1052 3797 1179 3850 senten-

224 3885 318 3950 tiam:
354 3889 432 3971 quia
460 3898 492 3952 et
518 3889 680 3952 Dominus
705 3887 834 3962 Judam,
862 3909 957 3971 quem
985 3886 1179 3971 proditorem

226 4001 366 4066 noverat,
392 4009 457 4052 non
485 3989 729 4053 condemnavit:
760 3998 793 4051 et
815 3991 939 4053 mulieri
964 3991 998 4052 in
1024 3989 1180 4054 adulterio

228 4087 434 4172 deprehensae
463 4092 619 4173 pepercit,
649 4113 748 4175 quum
777 4093 884 4154 nullus
911 4093 1099 4175 procederet
1127 4114 1180 4156 ac·

230 4203 363 4255 cusator.
409 4192 491 4255 Inde
507 4194 601 4256 etiam
623 4193 664 4255 ad
685 4192 941 4255 informationem
957 4208 1098 4258 nostram
1114 4194 1182 4257 dic·

232 4300 295 4353 tum
331 4307 392 4370 est,
422 4294 495 4372 Ego
525 4292 609 4357 sieut
646 4293 745 4356 audio
776 4292 910 4377 judico:
951 4295 1007 4357 sed
1037 4295 1180 4379 prolecto

232 4393 337 4458 audire
357 4394 406 4456 ibi
427 4415 484 4477 pro
508 4395 685 4477 intelligere
707 4396 845 4479 ponitur,
861 4406 897 4458 ut
918 4417 975 4478 pro
999 4394 1181 4458 rationabili
