3384 5525
289 756 399 837 nte]
670 770 848 816 uersuotn.
1102 782 1107 788 ·
1175 757 1237 815 287

296 1012 517 1079 EPISTOLA
541 1009 811 1073 cccxxi-m
826 1026 984 1070 posonen
999 1024 1225 1070 cnnmustun.

656 1112 702 1186 [A.
715 1129 744 1172 o.
765 1108 873 1187 tlte]
1026 1130 1030 1136 ·

295 1298 474 1361 Venerabili
499 1296 639 1358 Domino
661 1304 691 1357 et
717 1295 809 1375 putri
837 1295 1003 1356 carissimo
1033 1292 1153 1355 Bosoni
1179 1291 1244 1355 Dei

327 1402 438 1481 gretia
468 1404 588 1472 sancto
616 1398 709 1459 Rom.
743 1398 894 1459 Ecclesia
924 1395 1113 1476 Presbytero
1144 1393 1245 1459 Corn.

331 1523 410 1564 cons
431 1502 576 1563 ,Ioannes
597 1498 634 1561 de
655 1499 729 1563 Sar.
753 1501 901 1572 salntem,
926 1503 956 1560 et
975 1504 1134 1580 promptae
1155 1498 1245 1559 devo-

334 1605 431 1665 tionis
444 1603 639 1683 obsequium.

334 1734 579 1798 anttmnmss
601 1753 697 1818 quam
721 1753 740 1793 a
762 1730 875 1794 diebus
898 1730 1018 1794 domini
1042 1730 1135 1794 Lucii
1159 1731 1245 1795 Can·

290 1834 502 1899 tueriensibus
533 1832 662 1896 dilectio
692 1843 796 1895 vestra
824 1853 952 1917 semper
980 1831 1134 1908 exhibuit,
1165 1830 1245 1894 mihi

290 1939 425 2002 multam
437 1937 493 2000 dat
507 1936 592 2021 apud
608 1958 662 2000 vos
673 1934 907 1999 interveniendi
923 1935 1090 2002 fiduciam:
1115 1947 1151 1999 ut
1159 1934 1246 2021 quod

290 2038 469 2103 necessitati
483 2049 598 2101 nostrae
610 2047 643 2100 et
657 2036 750 2100 saluti
762 2048 875 2099 vestrae
888 2036 1037 2123 expedire
1050 2059 1112 2099 non
1125 2035 1247 2114 dubito,

291 2141 426 2205 bonitati
438 2153 550 2205 vestrae
563 2139 761 2203 confidenter
775 2161 944 2224 exponam.
976 2138 1170 2204 Meministis
1181 2160 1247 2224 proe

291 2245 415 2310 caeteris
426 2244 576 2332 quoniam
588 2242 731 2308 ecclesiae
744 2242 900 2305 Romanae
913 2243 1039 2327 negotia
1048 2265 1115 2328 prae
1125 2241 1248 2306 caeteris

292 2347 455 2429 didicistis,
477 2346 637 2434 quomodo
661 2345 900 2413 cantuariensis
928 2346 1060 2410 ecclesia
1082 2346 1150 2410 sedi
1173 2368 1248 2432 apo·

292 2450 412 2515 stolicae
427 2450 524 2513 fidem
541 2462 573 2513 et
585 2448 785 2512 devotionem
802 2468 929 2533 semper
940 2446 1085 2512 exhibuit
1099 2447 1165 2511 fere
1180 2470 1248 2534 prae

292 2552 418 2617 caeteris
436 2574 509 2639 quae
524 2552 557 2614 in
574 2549 651 2615 orbe
674 2561 756 2614 sunt.
803 2547 957 2613 Recolitis
978 2549 1064 2612 enim
1087 2549 1248 2636 quomodo

291 2655 387 2720 bonae
412 2654 577 2718 memorioe
605 2651 813 2716 Theobaldus
838 2650 982 2736 ejusdem
1011 2651 1248 2719 cantuariensis

292 2756 436 2821 ecclesiae
459 2754 713 2840 archiepiscopus
736 2752 858 2818 amicus
882 2767 985 2818 vester
1006 2759 1133 2841 quoque
1155 2752 1248 2818 fami·

292 2859 387 2934 liaris,
415 2882 472 2944 pro
503 2858 624 2923 tuendo
644 2859 718 2944 jure
745 2857 889 2921 ecclesiae
914 2868 948 2922 et
972 2857 1248 2923 constitutionibus

292 2960 568 3045 apostolicaesedis
584 2961 764 3047 pertulerit:
788 2974 821 3024 et
832 2961 992 3046 quomodo
1003 2960 1137 3025 eeclesia
1148 2960 1250 3025 archi·

291 3063 456 3148 episcopos
477 3076 632 3149 martyres
655 3086 782 3148 semper
803 3062 951 3128 habuerit
977 3077 1031 3127 aut
1056 3064 1250 3128 confessores

293 3163 448 3248 egregios.
481 3163 566 3237 Quia
582 3186 657 3246 ergo
670 3164 758 3228 vobis
772 3162 916 3228 ecclesiae
931 3186 1057 3230 causam
1068 3164 1249 3250 adplenum
1270 3222 1279 3243 ,

294 3265 552 3331 commendatam
580 3287 648 3329 esse
677 3288 741 3330 non
772 3265 896 3341 dubito,
923 3266 1106 3351 paternitati
1136 3278 1250 3331 vestrae

295 3389 405 3453 preces
421 3378 554 3453 quantas
569 3367 652 3454 patri
667 3383 700 3433 et
720 3369 851 3435 domino
867 3369 943 3433 licet
963 3369 1163 3435 devotissime
1180 3393 1252 3456 por·

295 3469 374 3554 rigo,
399 3469 548 3556 quatinus
574 3469 712 3534 electum
739 3485 882 3535 nostrum
909 3472 1015 3549 tantis,
1041 3485 1076 3536 ut
1099 3494 1170 3559 spes
1193 3485 1251 3553 est,

295 3570 513 3634 decessoribus
528 3569 679 3633 idoneum
695 3592 919 3647 successorem,
937 3586 969 3636 et
989 3572 1076 3638 vobis
1093 3577 1165 3637 Deo
1179 3594 1252 3657 pro·

296 3672 427 3757 pitiante
449 3670 687 3735 devotissimum
713 3671 746 3733 in
774 3672 861 3734 omni
886 3684 1029 3759 tempore
1055 3697 1094 3737 ea
1120 3673 1251 3737 caritate

297 3773 545 3859 amplectamini,
562 3786 595 3836 et
610 3772 775 3856 diligentia
791 3772 955 3851 tueamini,
973 3797 1036 3861 qua
1057 3775 1161 3839 severe
1178 3798 1253 3839 con-

298 3875 441 3939 suevistis
455 3874 628 3939 anteriores
650 3873 910 3959 archiepiscopos,
928 3877 1003 3961 quia
1024 3877 1140 3964 ipsein
1162 3878 1253 3942 obse-

299 3976 374 4062 quio
389 3989 492 4042 vestro
507 3999 565 4063 pro
581 3976 730 4042 facultate
746 3999 803 4041 sua
822 3977 979 4064 prioribus
995 4002 1057 4043 non
1074 3981 1253 4046 invenietur

300 4077 437 4145 inferior.
