3384 5525
287 787 394 866 uta]
671 804 850 849 arrsrocn.
1137 751 1141 759 ᾖ
1174 790 1235 849 283

285 956 481 1022 sinceriorem
498 956 657 1020 credimus
672 955 787 1019 habere
803 955 974 1020 caritatem.
1008 956 1133 1019 Horum
1150 977 1234 1021 unus

283 1062 363 1126 etin
387 1061 497 1146 primis
511 1061 577 1123 fere
596 1059 717 1145 primus
736 1073 783 1123 est
804 1071 895 1145 pater
915 1081 1091 1145 pauperum
1108 1073 1138 1123 et
1155 1083 1233 1123 moe·

283 1164 420 1226 rentium
451 1162 641 1238 consolator,
672 1175 832 1246 protector
869 1174 975 1225 noster
1003 1162 1036 1224 in
1066 1161 1232 1246 angustiis,

283 1265 470 1328 venerabilis
482 1266 580 1328 frater
596 1278 702 1327 noster
714 1268 757 1328 R.
770 1263 998 1328 Wintoniensis
1008 1263 1127 1328 electus
1138 1285 1234 1349 quem

283 1366 323 1429 ad
339 1366 409 1445 hoc,
425 1379 461 1430 ut
477 1365 616 1429 fidelium
639 1387 709 1450 spes
724 1380 783 1442 est,
799 1364 839 1428 ad
860 1364 998 1428 ecclesiae
1014 1387 1078 1429 suae
1092 1368 1234 1449 regimen

284 1468 432 1534 Christus
453 1468 561 1553 elegit,
585 1483 620 1531 ut
643 1467 831 1531 adversariis
852 1468 922 1551 ejus
944 1490 961 1530 e
984 1466 1111 1551 regione
1134 1466 1233 1551 possit

283 1569 449 1632 ascendere
464 1582 496 1632 et
512 1591 543 1631 se
558 1590 685 1631 murum
706 1589 865 1652 opponere
885 1589 944 1651 pro
963 1565 1058 1629 domo
1076 1564 1184 1641 Israel,
1200 1577 1233 1629 et

282 1685 429 1756 potenter
443 1684 605 1735 conterere
615 1671 752 1756 justitiae
767 1669 921 1744 inimicos,
932 1682 964 1731 et
974 1667 1072 1753 justis
1087 1666 1232 1731 debitum

283 1771 425 1833 conferre
440 1769 631 1845 subsidium,
648 1769 823 1855 majestatis
840 1767 950 1853 itaque
966 1780 1079 1831 vestrae
1098 1767 1234 1853 pedibus

228 1933 230 1938 .
283 1873 445 1957 provoluti
481 1885 641 1958 quotquot
678 1894 789 1935 sumus
824 1871 977 1934 attentius
1007 1869 1234 1956 supplicamus,

284 1975 435 2058 quatinus
449 1997 522 2037 eum
538 1974 579 2037 ad
594 1973 806 2058 expediendas
825 1973 962 2059 propriae
976 1973 1116 2037 ecclesiae
1131 1995 1235 2037 neces-

284 2075 393 2139 sitates
415 2088 446 2139 et
469 2075 601 2139 aliorum
626 2074 870 2140 consolationem
892 2075 1027 2151 faciatis,
1051 2075 1235 2139 maturitate

285 2177 429 2241 adhibita
444 2179 621 2263 promoveri
642 2196 673 2242 et
696 2189 731 2242 ut
752 2177 902 2263 precibus
917 2179 986 2264 ejus
1002 2201 1081 2263 quas
1096 2200 1158 2241 non
1173 2175 1234 2240 nisi

286 2282 317 2340 in
341 2283 479 2343 Domino
500 2280 644 2344 facturus
659 2293 706 2343 est
721 2278 834 2361 gratiae
852 2292 965 2342 vestrae
982 2280 1072 2342 favor
1094 2279 1232 2343 accedat.

286 2379 403 2444 Valete.

312 2862 532 2926 EPISTOLA
556 2861 883 2924 CCCXX.—on0n1s
901 2878 1033 2923 emotus
1051 2880 1092 2923 nr
1108 2881 1202 2924 conv.
1309 2862 1312 2868 ’

391 2982 486 3026 carr.
502 2982 546 3024 an
561 2982 724 3026 alumno.
741 2981 862 3025 Parnm.
911 2963 994 3042 [an.
1015 2965 1122 3044 1173.]

358 3155 498 3216 Domino
512 3153 613 3233 Papa
631 3154 697 3215 Odo
711 3153 809 3215 Prior
823 3160 854 3216 et
868 3161 1041 3218 conventus
1056 3156 1152 3219 Cant.

325 3300 575 3371 Cimnrrircs,
591 3318 672 3380 quas
686 3295 817 3360 ecclesia
835 3307 943 3359 nostra
965 3295 1058 3381 pleno
1081 3297 1232 3362 decennio

278 3400 345 3484 jam
361 3397 523 3472 sustinuit,
538 3396 719 3478 apostolicae
735 3395 800 3459 sedi
816 3419 878 3460 nou
894 3411 1028 3483 possunt
1043 3421 1109 3462 esse
1124 3401 1233 3486 incog-

282 3500 369 3576 nitae,
391 3499 466 3585 quia
489 3521 541 3562 eas
568 3511 656 3562 totus
680 3498 883 3565 Christianus
905 3500 990 3565 orbis
1012 3503 1152 3586 agnovit.
1200 3505 1233 3568 Si

282 3625 377 3666 causa
392 3601 565 3687 quaeritur,¹
577 3601 705 3687 justitia
727 3625 761 3665 se
783 3600 934 3679 ostendit,
949 3618 1081 3689 apparet
1105 3604 1233 3671 libertas

283 3703 432 3779 ecclesiae,
448 3705 624 3766 reverentia
639 3700 927 3785 sedisapostolicae,
943 3704 1035 3788 cujus
1057 3709 1233 3770 auctoritas
1284 3714 1291 3724 '

282 3803 497 3867 evacuabatur
519 3802 550 3865 in
573 3801 719 3887 partibus
742 3804 868 3880 nostris,
882 3825 914 3865 se
936 3825 1002 3865 esse
1025 3817 1233 3887 protestatur,

282 3927 342 3991 pro
364 3919 482 3991 quaet
503 3904 661 3989 gloriosus
683 3916 805 3988 martyr
828 3903 949 3969 Christi
971 3906 1142 3971 occubuit:
1173 3931 1233 3994 pro

283 4031 347 4092 qua
376 4008 490 4071 fratres
520 4022 551 4072 et
586 4007 706 4070 alumni
736 4007 877 4071 ecclesiae
911 4009 1079 4095 proscripti
1109 4011 1233 4077 diutius

283 4110 411 4173 exulare
441 4110 540 4173 coacti
566 4123 650 4185 suut,
675 4123 706 4174 et
731 4110 833 4174 habiti
858 4113 940 4174 sicut
963 4135 1037 4175 oves
1060 4114 1232 4193 occisionis,

283 4210 494 4295 spectaculum
526 4211 601 4275 facti
627 4233 737 4275 sumus
765 4224 796 4272 et
823 4211 893 4273 Deo
922 4225 952 4274 et
984 4212 1165 4274 hominibus
1200 4226 1232 4278 et

283 4314 412 4398 angelis,
429 4327 461 4377 et
485 4327 750 4399 persequutorum
769 4312 886 4376 Christi
902 4314 1061 4376 canticum
1081 4326 1147 4377 tota
1170 4316 1231 4381 die.

284 4418 466 4479 Attestatur
482 4414 538 4477 his
560 4415 679 4478 effusus
701 4412 786 4498 apud
810 4434 866 4475 nos
890 4427 1065 4496 martyrum
1093 4417 1232 4498 sanguis,
