3384 5525
374 766 484 845 llio]
753 785 931 831 nrisrouu.
1261 721 1331 839 ὁ939

369 1064 591 1127 EPISTOLA
610 1063 1326 1134 CCXCIX.-anw1mmnunsnnrmoaan

419 1183 462 1226 nr
475 1181 568 1227 atros
584 1183 867 1230 canruamnnsas.
917 1168 1003 1245 [an.
1023 1172 1114 1232 1170.
1126 1190 1167 1235 m.
1186 1171 1270 1251 Oct]

371 1301 492 1365 Amicis
511 1308 543 1366 ot
552 1302 718 1386 frutribus
738 1303 914 1365 causamn
941 1304 1093 1367 Willelmo
1114 1305 1275 1387 subpriori
1295 1312 1327 1369 et

415 1404 552 1470 Roberto
576 1405 730 1479 comiato,
760 1409 791 1466 et
822 1405 896 1467 aliis
925 1407 982 1485 qui
1010 1412 1133 1469 sonctae
1163 1407 1326 1472 contuor.

412 1507 553 1569 molosiae
573 1526 687 1569 curam
707 1512 840 1586 gerunt,
861 1526 943 1569 auus
964 1507 1118 1587 Ioannes,
1137 1510 1272 1574 salntem
1294 1517 1325 1575 et

412 1608 552 1692 diripere
562 1608 743 1691 prudenter
756 1609 793 1671 in
798 1610 927 1688 sutura
940 1617 1152 1692 prospectum.

413 1742 545 1805 Pittacas
559 1751 680 1803 uestras
694 1751 726 1802 et
742 1754 817 1804 vota
831 1737 973 1803 fidelium
997 1740 1124 1804 tandem
1147 1741 1323 1806 misericors

370 1850 402 1903 et
416 1837 582 1904 miserator
594 1837 752 1906 Dominus
765 1837 931 1901 exaudivit
945 1838 987 1901 ad
997 1838 1147 1903 honorem
1163 1863 1268 1916 suum,
1285 1854 1322 1906 ut

369 1962 409 2004 ex
424 1939 536 2005 multis
557 1953 589 2004 et
611 1942 705 2004 certis
725 1938 852 2004 indiciis
870 1951 970 2024 patet,
985 1940 1169 2026 Anglicanoe
1184 1941 1322 2008 ecclesiae

370 2039 539 2105 restituens
549 2062 659 2127 pacem
670 2051 702 2105 et
713 2039 756 2104 ab
766 2039 862 2103 exilio
874 2062 1025 2105 revocans
1038 2054 1160 2125 patrem
1173 2055 1322 2107 vestrum.

370 2140 504 2206 Utinam
529 2140 664 2205 fuissent
688 2163 781 2204 aures
807 2153 923 2205 vcstrae
948 2141 989 2206 ad
1019 2164 1054 2205 os
1079 2141 1198 2206 domini
1227 2144 1322 2228 regis,

371 2242 502 2328 quando
535 2241 567 2305 in
602 2240 760 2326 colloquio
795 2263 909 2324 regum
943 2264 1046 2326 nuper
1085 2242 1206 2323 habito,
1240 2244 1323 2308 inter

369 2359 508 2410 castrum
519 2343 668 2409 Blesense
677 2357 709 2407 et
720 2343 1038 2423 Ambasiam,dimisit
1048 2344 1211 2409 dominum
1223 2346 1325 2410 archi·

366 2446 566 2531 episcopum,
583 2458 619 2509 ut
635 2468 655 2509 a
670 2445 814 2523 Francis,
830 2445 950 2530 quibus
966 2445 1145 2523 tenebatur,
1162 2445 1320 2511 licentiam

369 2559 494 2612 mature
519 2546 684 2633 reciperet,
710 2547 768 2611 sub
794 2547 879 2610 omni
906 2548 1067 2611 celeritate
1092 2547 1255 2611 rediturus
1280 2549 1321 2613 ad

367 2651 485 2735 ipsum,
521 2648 595 2712 inde
629 2648 662 2711 in
699 2648 847 2733 Angliam
879 2649 1082 2714 transiturus.
1128 2650 1246 2736 Igitur,
1285 2664 1321 2715 ut

301 2767 303 2770 ’
368 2749 553 2816 condictum
567 2763 626 2828 est,
641 2748 717 2814 Deo
735 2749 887 2836 propitio,
902 2749 935 2815 in
957 2750 1041 2816 festo
1060 2749 1203 2815 omnium
1226 2754 1322 2816 Sanc-

368 2865 476 2918 torum
506 2853 639 2916 Senonis
664 2851 841 2927 valefaciet,
870 2874 910 2915 ex
934 2855 1097 2938 proposito
1120 2865 1152 2916 et
1174 2850 1322 2916 condicto

368 2954 532 3019 rediturus
546 2952 588 3018 ad
602 2955 744 3038 propria,
759 2966 790 3018 et
806 2976 903 3038 qnam
919 2955 983 3018 cito
999 2954 1116 3039 poterit
1139 2965 1319 3017 sanctorum

368 3057 481 3121 urbem
493 3055 599 3119 reditu
612 3078 671 3119 suo
683 3056 889 3120 Cantuariam
901 3053 1085 3119 illustrabit.
1125 3056 1188 3119 Vos
1199 3055 1319 3140 itaque,

369 3158 450 3223 sicut
465 3157 578 3220 honori
593 3170 625 3221 et
641 3157 736 3220 saluti
751 3156 891 3222 ecclesiae
907 3170 1020 3222 vestrae
1035 3169 1237 3243 prospectum
1253 3180 1320 3222 esse

370 3259 468 3323 vultis
489 3257 521 3321 in
545 3271 719 3344 posterum,
735 3257 819 3342 patri
835 3270 941 3322 vestro
962 3257 1130 3340 occurrite,
1144 3271 1176 3321 et
1191 3257 1224 3322 in
1247 3281 1321 3345 parf

367 3360 456 3426 tibus
465 3359 651 3435 cismarinis,
663 3359 689 3422 si
705 3359 786 3443 quid
797 3358 885 3437 fidei,
897 3360 921 3423 si
937 3359 1016 3444 quid
1029 3359 1187 3435 amicitiae,
1200 3360 1226 3423 si
1240 3357 1320 3447 qnid

367 3462 545 3528 devotionis
560 3476 617 3528 aut
632 3462 755 3526 consilii
770 3475 830 3539 est,
848 3464 1062 3528 transmittere
1077 3486 1140 3527 non
1155 3462 1320 3544 differatis,

369 3565 455 3629 unde
478 3587 511 3629 se
526 3565 625 3649 possit
641 3587 822 3641 exonerare,
839 3578 872 3629 et
892 3564 983 3629 vobis
997 3578 1154 3651 perpetuo
1177 3576 1321 3630 teneatur

367 3667 536 3733 obnoxius.
582 3666 745 3731 Redimite
761 3666 812 3730 vel
826 3688 911 3730 nunc
927 3688 1057 3745 moram,
1073 3688 1112 3729 ne
1126 3666 1210 3729 forte
1224 3666 1265 3731 ad
1286 3688 1320 3731 se

365 3767 549 3834 inevitabile
566 3769 704 3854 jacturae
719 3791 826 3832 rerum
841 3780 874 3832 et
889 3768 983 3832 famae
1008 3765 1185 3853 periculum
1202 3769 1318 3833 trahat.

368 3869 407 3932 ln
421 3869 567 3934 Historia
578 3870 744 3933 Novorum
757 3868 861 3954 reperi
873 3870 1052 3934 decessores
1066 3881 1186 3931 vestros
1201 3868 1320 3952 primos

364 3971 537 4036 occurrisse
552 3971 723 4036 revertenti
741 3970 783 4034 ab
805 3969 902 4034 exilio
925 3972 1009 4055 patri
1024 3968 1183 4034 Anselmo.
1229 3974 1260 4034 N
1264 3993 1320 4034 un-

364 4069 446 4156 quid
457 4093 514 4135 vos
524 4071 695 4157 degeneres
706 4069 806 4145 eritis,
819 4082 857 4135 ut
869 4069 948 4134 nihil
962 4067 1066 4133 solatii
1077 4081 1133 4133 ant
1145 4067 1321 4148 minimum,

364 4185 396 4237 et
412 4195 475 4239 nou
491 4174 666 4238 secundum
682 4196 739 4238 vos
753 4173 988 4238 revertentibus
1011 4172 1095 4258 patri
1113 4184 1144 4235 et
1167 4171 1320 4235 fratribus

363 4275 557 4342 conferatis?
590 4275 687 4340 Absit
705 4276 763 4339 hoc
780 4297 903 4359 semper
925 4297 945 4337 a
966 4273 1068 4359 prima
1083 4270 1320 4336 Britanniarum

362 4376 438 4441 sede
448 4376 680 4453 cantuariensi,
693 4400 732 4442 ne
744 4390 808 4442 tam
821 4375 945 4440 foedum
962 4373 1112 4458 temporis
1126 4373 1237 4453 nostri,
1253 4386 1318 4437 tam
