3384 5525
367 793 430 851 230
627 803 765 849 maurus
782 802 1064 850 sanasnnmnusrs
1229 796 1274 869 [a.
1293 810 1322 852 n.

369 955 463 1017 nimis
491 955 611 1018 oblitus
635 967 701 1019 est:
731 967 775 1029 et,
799 953 877 1017 dum
908 954 1043 1019 inimicis
1069 955 1208 1020 ecclesiae
1234 957 1325 1021 vehe-

369 1056 507 1120 mentius
531 1056 635 1132 cessit,
658 1055 793 1140 speciem
816 1055 924 1120 induit
946 1056 1075 1122 inimici.
1122 1058 1190 1121 Nec
1212 1057 1324 1123 dubito

369 1158 445 1240 quin
461 1157 529 1242 ipse
545 1155 604 1220 sibi
618 1155 696 1219 dum
718 1155 787 1219 haec
807 1170 933 1240 gereret
953 1156 1147 1243 displiceret,
1164 1158 1218 1223 sed
1236 1160 1325 1243 quasi

367 1258 489 1323 invitus
508 1257 725 1343 insipientium
747 1258 941 1323 clamoribus
962 1260 1158 1343 agitabatur,
1174 1274 1207 1325 et
1223 1262 1325 1326 trahe·

369 1359 465 1422 batur
493 1357 645 1422 funiculis
678 1357 862 1443 impiorum.
918 1358 1070 1444 Adjicitis
1104 1373 1141 1424 ut
1179 1360 1325 1427 dominus

368 1461 522 1525 Cantuar.
551 1471 698 1523 occurrat
736 1459 899 1523 nominato
935 1459 1080 1544 superius
1111 1459 1264 1547 episcopo
1292 1474 1322 1526 et

368 1560 537 1625 archidiac.
554 1564 707 1627 Cantuar.
723 1562 815 1645 quasi
830 1562 923 1627 illum
943 1575 1132 1647 recepturus
1148 1564 1192 1627 sit
1208 1562 1324 1628 nedum

368 1661 397 1725 ei
411 1684 613 1740 occursurus,
627 1685 723 1747 quem
739 1662 806 1747 ipse
821 1663 953 1727 solemni
965 1663 1168 1729 anathemate
1177 1665 1323 1752 condem·

369 1765 470 1843 navit,
486 1767 740 1850 sententiamque
761 1765 794 1828 in
817 1788 892 1828 eum
915 1765 1011 1829 latam
1035 1765 1236 1832 confirmavit
1252 1790 1325 1852 apo·

368 1866 480 1932 stolica
493 1866 595 1930 sedes.
637 1868 760 1952 Utique
781 1866 897 1931 mirum
913 1866 1002 1931 ducit
1023 1866 1112 1953 quod
1126 1868 1155 1930 ei
1171 1869 1322 1953 praefatus

370 1966 528 2049 Sagiensis
549 1980 581 2030 et
604 1966 658 2032 alii
673 1966 869 2031 venerabiles
890 1965 950 2030 viri
972 1966 1098 2052 praelati
1121 1966 1324 2031 ecclesiarum

368 2065 448 2128 citra
467 2064 698 2129 absolutionem
718 2066 966 2147 communicant,
980 2064 1070 2151 quod
1085 2088 1105 2129 a
1119 2088 1152 2129 se
1169 2066 1276 2130 sciunt
1290 2065 1322 2129 in

367 2166 511 2232 districto
525 2169 670 2232 examine
684 2166 931 2253 requirendum:
952 2181 984 2231 et
999 2167 1133 2232 sortasse
1147 2167 1180 2230 in
1196 2166 1325 2232 ecclesia

368 2271 519 2354 praesenti
534 2290 596 2332 non
613 2268 742 2333 dabitur
764 2267 928 2333 oblivioni.
975 2269 1073 2334 Certo
1088 2280 1195 2333 tamen
1211 2270 1323 2333 certius

370 2381 432 2444 eat,
444 2367 531 2455 quod
545 2382 608 2433 tam
623 2368 806 2455 episcopum
820 2367 1086 2441 Loudoniensem,
1098 2381 1129 2432 et
1142 2380 1216 2432 ante
1227 2368 1326 2432 nomi-

368 2483 479 2534 natum
493 2469 750 2534 archidiaconum
773 2468 922 2533 dominus
939 2467 1177 2535 cantuariensis
1192 2481 1324 2555 paterna

368 2575 487 2657 pietate
503 2571 644 2656 recipiet,
657 2584 689 2636 et
704 2571 929 2646 consolabitur,
945 2594 984 2634 ex
1008 2594 1074 2656 quo
1089 2593 1121 2635 se
1137 2571 1220 2637 filios
1235 2572 1324 2636 exhi·

367 2670 515 2735 buerint:
554 2682 586 2735 et
614 2692 724 2734 omnes
758 2668 1058 2746 excommunicatos,
1088 2692 1171 2753 quos
1201 2668 1321 2734 absolvi

365 2772 489 2840 licitum
514 2785 573 2854 est,
588 2773 671 2836 viam
694 2771 768 2836 fidei
790 2773 1005 2856 ingredientes
1027 2771 1157 2836 sinceroe
1180 2771 1320 2837 caritatis

366 2876 504 2942 brachiis
517 2874 761 2960 amplexabitur.
799 2873 885 2950 Quid
902 2873 1023 2938 multa?
1047 2872 1140 2938 Nihil
1154 2886 1215 2950 est,
1230 2873 1323 2937 dum·

367 2978 462 3042 modo
476 2978 617 3043 conditio
631 2976 770 3041 ecclesioe
789 2997 850 3038 non
871 2974 1020 3054 laedatur,
1034 2973 1123 3060 quod
1143 2996 1209 3038 non
1224 2974 1266 3039 sit
1281 2973 1321 3039 ad

367 3084 562 3146 voluntatem
582 3077 704 3142 domini
726 3079 810 3162 regis
831 3089 964 3161 paratus
985 3075 1128 3159 implere,
1145 3078 1171 3140 si
1185 3075 1322 3160 gratiam

365 3181 435 3265 ejus
465 3182 524 3246 sibi
553 3194 586 3245 et
616 3180 681 3245 suis
709 3179 801 3265 plene
830 3178 962 3242 senserit
991 3177 1209 3242 reformatam.
1256 3181 1321 3242 Vos

365 3293 473 3344 autem
494 3281 534 3344 de
556 3294 671 3345 coetero
691 3277 896 3364 negotiamini
916 3278 1056 3354 cautius,
1072 3290 1105 3343 et
1120 3275 1321 3342 absolutione

365 3381 502 3465 quaesita
522 3381 717 3464 diligentius,
733 3381 1081 3444 excommunicatorum
1104 3381 1322 3465 participatio·

365 3504 436 3545 nem
453 3480 627 3545 studiosius
641 3483 779 3555 evitetis,
793 3483 855 3544 nisi
870 3481 910 3546 ab
925 3481 1057 3545 ecclesia
1069 3480 1175 3545 velitis
1190 3479 1321 3544 excludi

363 3585 469 3664 citius,
493 3595 527 3646 et
553 3603 627 3647 cum
653 3583 699 3646 eis
723 3580 934 3648 anathematis
960 3584 1099 3668 recipere
1129 3583 1318 3667 portionem.

365 3686 447 3748 Sane
461 3682 643 3770 proecedens
664 3685 758 3748 ruina
772 3705 828 3746 vos
850 3685 1008 3749 cautiores
1023 3681 1202 3749 reddidisse
1218 3681 1320 3746 debu·

365 3800 444 3866 crat,
468 3790 592 3872 eritque
619 3788 782 3871 sequentis
811 3789 940 3870 gravior
970 3787 1141 3871 reparatio,
1166 3786 1205 3861 si,
1233 3782 1320 3870 quod

364 3888 461 3964 absit,
476 3899 550 3973 post
566 3890 828 3952 commonitiones
848 3898 880 3950 et
898 3889 1042 3971 pericula
1055 3887 1151 3950 toties
1165 3886 1322 3949 instructa

362 3988 513 4052 discretio
528 4011 591 4051 non
617 3987 823 4053 declinaverit
845 4010 964 4054 casum.
1009 3989 1134 4074 Optata
1147 3984 1249 4052 salute
1265 4004 1319 4049 vos

362 4089 537 4174 impertiar,
552 4109 653 4173 quum
670 4087 804 4153 licuerit.
