3384 5525
490 769 533 828 60
725 780 862 826 romnis
877 780 1156 825 sanssnsnrsnsrs
1349 763 1396 842 [A.
1414 784 1448 830 n.

494 937 555 999 bus
583 934 709 998 faciatis
738 934 881 997 Domino
911 934 1061 997 attentius
1090 932 1317 996 commendari.
1364 936 1446 1007 Quas

494 1036 579 1101 circa
604 1036 769 1099 dominum
785 1035 1047 1099 cantuariensem
1064 1045 1149 1112 sunt,
1163 1034 1219 1096 ubi
1233 1044 1362 1099 auctore
1377 1037 1448 1099 Do·

495 1138 583 1200 mino
598 1137 781 1221 prosperius
802 1137 906 1217 agitur
924 1156 1019 1217 qnam
1042 1134 1190 1212 credatis,
1204 1136 1286 1198 lator
1310 1158 1447 1219 praesen·

496 1239 575 1303 tium
597 1238 715 1321 poterit
735 1239 874 1321 aperire:
904 1237 935 1299 ei
958 1237 1042 1299 enirn
1065 1236 1141 1299 dedi
1164 1236 1198 1299 in
1221 1234 1391 1314 mandatis,
1412 1248 1448 1301 ut

497 1340 573 1403 fidei
588 1350 699 1403 vestrae
715 1340 862 1402 universa
876 1337 1101 1401 communicet.

494 1621 718 1686 EPISTOLA
740 1618 961 1683 CCXV-sn
976 1634 1008 1678 a.
1022 1635 1183 1680 aanarsu
1198 1636 1449 1682 asmonanssu.

866 1718 954 1797 [Δ.1).
975 1720 1085 1796 noa]

782 1903 823 1967 R.
839 1902 958 1966 Abbati
974 1904 1170 1967 Persorensi.

540 2042 609 2113 Qnr
624 2040 735 2103 amicis
753 2039 863 2102 necin
884 2038 994 2102 salutis
1010 2052 1082 2103 voto
1104 2040 1321 2104 communicat
1339 2042 1448 2123 procul

497 2153 548 2206 ast
561 2162 581 2205 a
595 2139 744 2216 cantate3
773 2147 806 2202 et
827 2160 893 2202 non
916 2160 1021 2203 amaro
1043 2141 1244 2206 convincitur
1267 2143 1323 2225 qni
1346 2144 1453 2207 oblata

498 2240 736 2327 opportunitate
748 2240 912 2323 colloquii,
923 2250 1095 2304 amatorem
1110 2240 1160 2305 sui
1175 2263 1235 2306 nec
1250 2243 1453 2307 salutationis

408 2404 414 2416 ,
498 2354 620 2408 recreat
632 2344 738 2405 verbo.
769 2344 855 2405 Nam
870 2363 931 2405 neo
947 2342 1011 2405 illis
1026 2345 1123 2407 rerba
1138 2342 1249 2407 deesse
1266 2345 1384 2422 solent,
1395 2346 1452 2429 qui

498 2446 608 2527 lingua
633 2443 771 2526 diligunt
796 2453 828 2506 et
854 2442 1055 2506 simulatione
1082 2443 1258 2508 duntaxatr
1293 2446 1349 2528 qui
1374 2446 1453 2509 fidei

499 2568 615 2610 munus
630 2558 663 2609 et
676 2546 816 2611 caritatis
827 2542 966 2609 officium
982 2566 1041 2609 nec
1053 2542 1221 2611 affectione
1236 2545 1383 2623 retinent,
1392 2569 1452 2612 nec

500 2656 653 2709 exercent
674 2667 769 2729 opero
793 2657 824 2708 et
845 2647 986 2710 veritate.
1031 2647 1158 2711 Memor
1179 2669 1255 2730 ergo
1278 2659 1453 2711 contractae

499 2752 664 2814 internos
686 2745 845 2828 amicitias,
866 2747 959 2811 latori
985 2750 1193 2832 praesentium
1218 2751 1323 2814 natale
1348 2751 1452 2814 solnm

498 2853 634 2916 invisere
660 2850 826 2932 satagenti,
852 2849 928 2913 dedi
957 2851 990 2913 in
1021 2849 1191 2929 mandatis,
1217 2851 1368 2935 quatinus
1397 2873 1453 2914 vos

499 2957 650 3020 salutaret
668 2952 798 3015 nomine
814 2972 896 3029 meo,
912 2963 944 3014 et
962 2951 1002 3014 de
1019 2961 1103 3015 statu
1119 2965 1234 3029 vestro,
1248 2974 1346 3036 quem
1362 2951 1454 3015 Deus

499 3058 655 3141 optimum
677 3055 786 3128 faciat,
810 3052 981 3136 diligenter
1001 3054 1184 3136 inquireret,
1208 3064 1243 3117 nt
1265 3053 1374 3118 audita
1396 3075 1457 3138 per

500 3178 573 3221 eum
587 3158 688 3220 forma
709 3155 903 3219 conditionis
926 3166 1036 3219 veatrae
1056 3156 1191 3238 possim,
1205 3163 1242 3219 ut
1256 3157 1380 3239 justum
1396 3166 1456 3233 est,

500 3257 597 3320 amici
616 3257 781 3340 pressuris,
800 3276 880 3337 quas
899 3267 989 3339 pater
1010 3256 1297 3321 misericordiarum
1320 3257 1455 3321 adorno

501 3370 604 3421 vestra
622 3366 739 3433 arceat,
754 3357 913 3439 compati:
946 3360 995 3421 vel
1015 3359 1231 3436 successibus,
1246 3379 1328 3440 quos
1349 3360 1456 3423 multi·

500 3458 614 3541 plicari
629 3468 662 3520 et
675 3457 854 3542 perpetuari
867 3458 1022 3537 desidero,
1034 3460 1246 3542 congaudere.
1275 3462 1344 3523 Vos
1359 3461 1455 3525 etiam

502 3557 542 3622 de
568 3569 652 3623 statu
677 3577 748 3621 meo
770 3568 802 3622 et
824 3561 1064 3624 coexulantium
1088 3559 1127 3638 (si
1148 3572 1255 3625 tamen
1281 3581 1359 3625 cura
1384 3561 1454 3625 haec

501 3660 684 3745 quempiam
700 3660 851 3725 sollicitat
871 3673 1013 3726 veterum
1032 3660 1221 3743 amicorum)
1245 3684 1302 3745 per
1319 3663 1457 3727 eundem

501 3761 661 3824 certiorari
682 3762 835 3844 poteritis,
857 3774 892 3826 et
914 3764 986 3827 Deo
1009 3775 1140 3827 auctore
1166 3764 1321 3827 veraciter
1346 3764 1456 3828 audire

499 3881 652 3944 prospera
662 3861 703 3925 de
717 3863 876 3946 prasenti,
888 3875 920 3926 et
934 3885 1060 3949 sperare
1074 3866 1246 3930 nobiscum
1257 3865 1291 3928 in
1307 3865 1397 3928 brevi
1411 3863 1452 3927 de

500 3961 604 4025 futuro
631 3962 851 4046 prosperrima.
897 3963 969 4026 Nisi
998 3964 1085 4028 enirn
1111 3965 1278 4048 pactiones
1308 3986 1382 4047 quae
1412 3964 1454 4027 de

499 4063 647 4126 libertate
661 4065 806 4128 ecclesia
821 4075 854 4127 et
867 4065 1076 4144 restitutione,
1093 4078 1125 4130 et
1139 4087 1222 4149 pace
1237 4077 1270 4130 et
1284 4067 1454 4138 securitate

502 4164 741 4229 Cantuariensis
756 4165 991 4250 archiepiscopi
1014 4178 1047 4230 et
1070 4188 1210 4244 suorum,
1227 4190 1301 4232 cunr
1324 4166 1454 4231 domino

502 4287 588 4350 papa
615 4266 701 4329 initae
730 4277 812 4345 sunt,
838 4278 872 4330 et
900 4267 1032 4331 firmata
1062 4269 1277 4343 cantionibus,
1305 4289 1388 4354 quas
1413 4266 1454 4332 ad

500 4389 641 4451 praesens
655 4369 790 4451 exprimi
801 4390 866 4433 non
882 4381 1017 4454 oportet,
1030 4371 1168 4436 fideliter
1182 4372 1388 4456 impleantur,
1400 4389 1455 4454 per
