3384 5525
372 780 484 859 noa]
764 798 943 843 aersrone.
1268 788 1329 847 195

362 945 451 1014 dicat
474 947 617 1036 quando.
663 952 748 1013 Nam
774 950 891 1013 revinci
918 949 1036 1033 poterit
1063 953 1270 1034 argumentis,
1291 967 1323 1017 ct

362 1050 429 1115 acio
453 1050 544 1137 quod
570 1050 603 1114 in
628 1052 726 1115 veteri
752 1065 941 1115 testamento
965 1073 1027 1113 non
1055 1050 1181 1135 legitur.
1227 1054 1322 1130 Quod

363 1150 480 1238 utiquc
501 1173 567 1214 nrm
587 1152 761 1217 tacuissent
777 1153 833 1237 qui
855 1152 987 1215 minima
1008 1152 1206 1217 retulerunt:
1241 1169 1273 1217 ct
1296 1153 1322 1215 si

364 1251 426 1316 boc
447 1251 567 1338 aliquis
585 1251 665 1316 dicit
686 1253 862 1337 expositor,
884 1253 929 1317 sic
950 1253 1083 1317 fortasse
1104 1254 1323 1338 accipiendum

365 1364 427 1434 cst,
440 1364 481 1417 ut
502 1354 653 1419 dicautur
673 1354 784 1418 fecisse
799 1354 888 1440 quod
910 1355 951 1418 dc
973 1356 1159 1420 necessitate
1180 1356 1321 1420 mandati

365 1453 471 1519 faeere
485 1456 688 1520 tenebantur.
718 1456 801 1519 Nam
817 1454 850 1519 in
862 1456 1029 1541 scripturis
1042 1457 1157 1520 modus
1173 1457 1322 1542 loquendi

364 1555 602 1634 celeberrimus,
619 1570 657 1621 ut
678 1556 799 1643 aliquid
819 1558 1005 1621 enuncietur
1027 1557 1211 1643 simpliciter
1233 1557 1322 1641 quod

365 1654 426 1720 uisi
440 1656 504 1720 aub
518 1657 740 1743 alicujusmodi
755 1657 958 1721 distinctione
980 1658 1106 1722 fidelem
1122 1682 1184 1722 uon
1208 1658 1321 1744 recipit

365 1757 574 1823 intellectum.
614 1760 687 1823 Hoc
701 1772 733 1823 et
744 1760 821 1844 jura
834 1760 1074 1844 speculantibus
1089 1774 1201 1824 notum
1217 1773 1275 1839 est,
1290 1774 1322 1822 et

366 1861 501 1945 vulgato
525 1862 682 1948 probatur
709 1885 780 1925 usu.
829 1862 881 1925 Sic
904 1862 1022 1926 dicitur
1045 1862 1165 1948 aliquid
1188 1884 1257 1925 esse
1283 1860 1323 1923 dc

363 1962 448 2048 jure,
460 1985 565 2049 quum
576 1963 617 2028 de
625 1964 712 2029 sacto
721 1976 843 2028 constat
853 1988 921 2027 esse
931 1964 1136 2044 contrarium,
1146 1978 1179 2029 et
1190 1962 1322 2026 eandem

367 2083 432 2128 rem
455 2064 601 2129 aliunde
619 2066 706 2151 jure,
727 2065 809 2129 alius
830 2064 871 2128 de
896 2066 983 2130 facto
1007 2066 1126 2129 dicitur
1151 2064 1321 2150 possidere.

368 2165 489 2230 Scienti
510 2164 613 2249 legem
635 2168 762 2251 loquor,
778 2179 810 2230 et
830 2166 859 2228 ei
880 2165 936 2249 qui
950 2169 1092 2231 nutritus
1111 2179 1143 2230 et
1160 2166 1256 2230 tritus
1275 2177 1323 2227 est

368 2267 551 2329 examinare
565 2287 737 2339 sermones,
751 2278 784 2330 et
802 2265 867 2329 vim
883 2266 1058 2351 ponderare
1081 2267 1269 2330 verborum:
1298 2265 1322 2328 si

369 2365 442 2451 quis
455 2365 631 2432 celebravit
644 2367 766 2430 Pascha
780 2366 934 2432 nobilius:
959 2368 985 2430 si
1000 2368 1073 2453 quis
1084 2368 1235 2451 piscinam
1251 2390 1324 2430 con-

369 2467 498 2545 struxit,
510 2482 569 2533 aut
583 2467 753 2532 aedificavit
764 2491 859 2553 aquae
870 2469 1015 2542 ductum,
1032 2482 1088 2532 ant
1105 2469 1183 2554 quid
1198 2469 1324 2532 fortiter

368 2568 460 2635 lecit:
494 2582 551 2635 aut
572 2581 683 2634 contra
705 2570 730 2633 si
752 2570 953 2634 maledicenti
977 2571 1145 2656 perpercit,
1162 2583 1218 2634 aut
1241 2570 1323 2633 servi

368 2670 518 2734 misertus
542 2682 591 2733 est
620 2668 848 2756 delinquentis,
875 2670 934 2735 boc
964 2685 1129 2735 auctorum
1159 2669 1325 2754 diligentia

369 2773 484 2837 transit
499 2771 541 2836 ad
561 2784 715 2858 posteros.
761 2773 931 2858 Numquid
953 2797 1030 2858 ergo
1045 2772 1208 2860 probabile
1230 2785 1325 2835 estet

369 2873 520 2940 credibile
548 2885 597 2938 est
627 2873 713 2960 quod
743 2874 972 2940 solemnitatem
1007 2873 1133 2961 jubilaei
1161 2874 1324 2959 potuerint

368 2977 525 3041 reticere?
555 2975 612 3041 ubi
641 2986 751 3062 quaeso
776 2976 895 3062 legitur
917 2977 1047 3041 rescissa
1073 2974 1236 3037 venditio?
1267 2973 1323 3036 ubi

369 3078 518 3143 restituta
539 3077 732 3143 haereditas?
762 3079 819 3144 ubi
834 3101 997 3142 servorum
1016 3076 1170 3161 generalis
1191 3075 1325 3138 emanci-

369 3181 482 3266 patio?
516 3179 574 3243 ubi
602 3179 773 3244 acivitate
795 3180 915 3264 refugii
945 3179 1140 3263 proscriptus
1167 3175 1325 3240 homicida
1367 3261 1370 3265 .

370 3294 442 3367 post
466 3292 602 3346 mortem
628 3281 744 3346 summi
766 3281 926 3367 pontificis
950 3280 1109 3344 iuvenitur
1131 3280 1164 3343 in
1188 3277 1323 3364 patriam

370 3383 511 3448 redisse?
544 3382 601 3448 ubi
623 3395 682 3447 aut
703 3383 834 3468 quando
858 3383 979 3449 indicta
1002 3383 1133 3448 sabbata
1156 3381 1326 3445 celebravit

369 3489 475 3550 terra?
504 3486 599 3550 Certe
616 3485 771 3551 Jeremias
786 3484 876 3551 testis
890 3497 950 3561 est,
971 3485 1060 3571 quod
1074 3507 1131 3548 nec
1151 3483 1323 3568 septimum

369 3585 609 3652 celebraverunt
614 3597 721 3672 patres
726 3609 852 3651 eorum:
865 3599 1152 3672 etquumtempore
1162 3585 1325 3650 Sedechiae

372 3686 412 3751 ad
431 3687 708 3752 comminationem
723 3687 942 3773 propheticam
966 3710 998 3749 se
1012 3686 1053 3750 ad
1076 3685 1160 3749 illius
1175 3686 1325 3750 solemnia

370 3789 560 3857 celebranda
588 3813 695 3855 coram
724 3789 864 3855 Domino
884 3789 1094 3871 obligassent:
1124 3801 1156 3852 et
1179 3788 1326 3874 professi-

371 3915 462 3959 onem
491 3891 700 3957 firmaverunt
725 3892 919 3978 juramento,
947 3890 1044 3953 verbo
1074 3902 1167 3953 tenus
1196 3889 1325 3974 quidem

372 4015 480 4058 servos
495 4004 528 4057 et
539 3993 670 4058 ancillas
684 3994 975 4078 emancipaverunt,
985 3992 1039 4055 sed
1055 4012 1108 4055 eos
1118 3989 1325 4054 incontinenti

372 4107 601 4161 revocaverunt
618 4099 651 4160 in
674 4095 872 4160 servitutem.
917 4093 996 4169 Quis
1011 4117 1088 4178 ergo
1110 4093 1229 4168 credat,
1246 4114 1326 4176 prae·

373 4199 480 4265 sertim
497 4198 559 4264 hoc
575 4220 638 4263 non
653 4199 787 4263 docente
802 4196 971 4282 scriptura,
983 4196 1071 4282 quod
1082 4194 1208 4282 jubilaei
1225 4193 1326 4276 legiti-

369 4321 436 4364 mos
445 4299 603 4384 exequuti
617 4300 680 4364 sint
690 4299 793 4365 ritus?
812 4298 874 4362 Sed
888 4321 944 4362 nec
956 4311 1027 4383 post
1037 4296 1254 4383 captivitatem
1268 4293 1326 4355 sub

370 4401 476 4467 Esdra
487 4414 520 4466 et
537 4403 670 4467 Neemia
680 4402 774 4466 docet
789 4401 957 4486 scriptura
970 4421 1069 4463 canon
1085 4420 1138 4461 eos
1150 4396 1209 4457 hoc
1225 4392 1326 4456 habu-

826 4509 881 4564 οἳ
