3384 5525
362 787 400 846 18
635 794 773 838 Joauurs
789 788 1067 837 smssusnruusrs
1221 768 1266 847 [a.
1285 786 1316 830 n.

362 953 527 1027 babentes,
554 961 586 1012 et
614 960 764 1031 putantes
792 949 897 1027 legem
926 944 1000 1017 Dei,
1025 939 1106 1002 uibil
1130 937 1219 1001 aliud
1246 959 1317 1001 esse

361 1074 457 1138 quam
482 1052 587 1114 verba.
633 1050 704 1111 Nos
729 1049 856 1111 interim
887 1047 958 1108 Dco
984 1045 1018 1105 in
1045 1041 1195 1105 omuibus
1222 1037 1318 1100 douis

366 1152 432 1216 suis
458 1151 574 1232 gratias
600 1150 734 1232 agimus,
756 1160 790 1212 ot
811 1148 950 1210 maxime
973 1143 1061 1227 quod
1085 1162 1145 1203 uos
1167 1139 1320 1218 diguatus

297 1253 299 1258 ’
365 1266 414 1317 cst
439 1254 565 1315 illorum
589 1273 721 1314 numero
748 1269 928 1333 aggregare,
953 1246 1009 1329 qui
1035 1241 1320 1328 persequutionem

366 1377 423 1439 pro
433 1355 558 1439 justitia
572 1355 744 1438 patiuntur.
790 1349 997 1433 suscepimus
1013 1347 1053 1408 de
1069 1365 1166 1408 mauu
1186 1339 1321 1403 Domini

368 1457 487 1533 dulcia,
502 1456 542 1519 de
565 1454 680 1540 quibus
704 1476 788 1536 saepc
804 1451 844 1515 ad
865 1449 1042 1535 pernicicm
1064 1456 1205 1509 nostram
1228 1440 1320 1505 abusi

368 1581 488 1621 sumus.
532 1560 637 1630 Quare
652 1566 684 1619 et
698 1557 739 1618 ab
755 1555 827 1639 ipso
851 1550 1072 1635 aequauimiter
1087 1570 1154 1610 non
1169 1542 1321 1626 suscipie-

369 1682 439 1723 mus
454 1682 560 1724 amara
581 1661 623 1724 ad
643 1658 848 1730 medicinam,
865 1656 898 1717 iu
918 1652 1097 1736 profectum
1119 1648 1228 1712 salutis
1249 1667 1323 1707 uos-

370 1761 446 1826 trae?
471 1764 536 1826 sire
551 1762 695 1836 vivimuS,
717 1760 781 1822 sire
804 1758 965 1830 morimur,
989 1752 1122 1815 Domini
1145 1769 1267 1826 sumus,
1288 1756 1324 1810 ut

369 1865 403 1927 id
419 1867 520 1927 solum
536 1864 603 1946 peti
618 1870 765 1942 oporteat
785 1860 826 1922 ab
848 1857 960 1921 amicis
980 1854 1130 1940 quatinus
1145 1851 1235 1914 exilii
1251 1870 1325 1911 nos-

373 1966 413 2028 tri
430 1964 595 2045 angustias
619 1964 784 2025 sulervcut
805 1961 1003 2023 orationibus
1018 1958 1095 2033 suis,
1109 1964 1224 2018 utnon
1247 1951 1325 2014 defi·

378 2068 444 2130 ciat
468 2064 551 2127 fides
579 2074 682 2139 notra,
707 2062 763 2126 sed
786 2062 827 2124 de
856 2061 1032 2124 afflictione
1056 2069 1166 2120 nostra
1190 2056 1324 2117 salutem
1353 2051 1362 2068 ¹

374 2168 468 2230 nobis
482 2178 515 2230 et
530 2167 687 2229 Ecclesiae
711 2185 824 2248 pacem
841 2177 873 2227 et
887 2163 1063 2227 libertatem
1081 2155 1327 2221 misericorditer

376 2278 531 2352 operetur.

411 2536 629 2600 EPISTOLA
655 2536 894 2603 exerc-in
918 2551 1089 2597 urcomuu
1114 2551 1157 2594 ua
1182 2550 1297 2595 rrouru

608 2658 857 2702 aororraouusr.
875 2637 920 2716 [A.
940 2657 970 2699 n.
990 2635 1096 2715 tlon]

426 2820 524 2881 ιῘοαη.
542 2817 670 2881 Sorech.
687 2816 825 2879 Nicolao
840 2817 880 2878 de
896 2822 1001 2878 monte
1017 2815 1278 2895 Rotlromogensr'.

421 2981 544 3043 Norant
560 2979 796 3062 ingratitudinis
812 2979 886 3062 jure
902 2977 1071 3052 contrahit,
1086 2999 1181 3060 quem
1203 2977 1244 3040 ad
1258 2998 1330 3061 pro·
1385 3018 1388 3025 ι

378 3080 565 3143 merendum
588 3102 727 3142 amorem
750 3093 781 3141 ct
804 3079 996 3161 obsequium
1020 3078 1249 3141 beneficiorum
1266 3100 1331 3141 me·

379 3181 481 3244 moria
490 3202 556 3242 nou
567 3181 723 3242 accendit.
762 3181 807 3241 Et
818 3179 947 3262 quidem
960 3190 1049 3243 tanto
1061 3179 1188 3241 uberior
1199 3179 1332 3243 debetur

381 3280 493 3362 gratia,
509 3292 628 3363 quanto
644 3281 835 3344 cumulatius
850 3291 881 3342 et
895 3281 1087 3364 frequentius
1108 3281 1148 3342 ad
1163 3303 1224 3345 nec
1239 3282 1332 3346 meri·

382 3395 450 3447 tum
475 3405 537 3445 nec
563 3393 736 3446 merentem
761 3404 780 3445 a
806 3384 875 3446 sola
905 3382 1002 3446 divite
1030 3389 1110 3446 v‘eua
1134 3384 1334 3449 liberalitatis

381 3486 500 3546 innatae
522 3483 679 3545 beneficia
700 3493 939 3566 praecesserunt.
985 3484 1050 3547 Sed
1072 3484 1168 3561 uude,
1191 3486 1272 3548 mihi
1288 3485 1334 3548 di·

383 3587 478 3661 lecte,
494 3597 526 3648 et
541 3585 628 3648 omni
642 3585 715 3670 jure
731 3596 763 3648 et
777 3585 889 3648 merito
906 3584 1080 3668 diligende,
1097 3598 1132 3650 ut
1146 3588 1335 3652 humanitati

385 3701 447 3751 tuae
470 3689 632 3771 condigna
653 3686 851 3751 liberalitatis
875 3690 1134 3770 compensatione
1159 3689 1335 3772 responde·

386 3790 497 3854 amus?
520 3792 642 3869 Exulo,
657 3790 857 3874 proscriptus
867 3811 949 3867 sum,
964 3791 1135 3873 expositus
1145 3791 1337 3874 paupertati,

389 3893 625 3954 coexulantium
640 3892 719 3954 mihi
733 3892 836 3972 magis
858 3912 953 3974 quam
969 3891 1104 3974 propriis
1125 3890 1338 3954 incommodis

388 4004 678 4073 urgeor,eteomm‚
688 3993 803 4076 quaeiu
814 3992 969 4074 pressuris
978 3993 1127 4056 Ecclesia
1136 3992 1200 4055 Dei
1211 3993 1338 4076 patitur,

389 4115 474 4156 ame
503 4094 584 4156 nihil
607 4106 721 4176 reputo
745 4096 895 4158 alienum.
953 4077 1018 4157 'Sed
1047 4096 1081 4157 in
1111 4096 1160 4157 his
1191 4096 1339 4158 omnibus

390 4196 496 4257 Deum
523 4195 603 4258 mihi
625 4195 798 4279 propitium
824 4198 938 4275 scirtio,
964 4196 1057 4280 cujus
1078 4197 1218 4260 muneris
1239 4206 1340 4261 estut

391 4296 523 4360 exilium
534 4317 591 4378 pro
597 4296 723 4379 justitia
734 4298 865 4360 subeam
878 4298 1001 4360 libens:
1026 4296 1170 4379 rapinam
1182 4299 1340 4362 bonorum

390 4420 529 4462 meorum
554 4419 611 4482 pro
633 4397 711 4476 fide,
734 4399 761 4461 si
784 4401 998 4463 necessarium
1013 4413 1070 4477 est,
1094 4400 1238 4480 gaudens
1253 4401 1343 4464 exci-
