3384 5525
379 748 478 827 ltro]
749 766 928 811 mrsrocn.
1266 760 1329 818 223

375 916 451 978 Nam
468 940 488 981 a
503 915 686 981 fautoribus
708 917 878 1004 utriusque
893 918 995 999 partis
1018 918 1049 981 in
1072 918 1203 985 alteram
1227 923 1330 988 multa

369 1016 527 1098 dicuntur,
559 1032 592 1084 et
627 1018 781 1105 quaelibet
820 1042 930 1084 earum
967 1021 998 1083 in
1036 1044 1198 1087 assensum
1235 1046 1328 1089 suum

370 1142 448 1206 quos
463 1135 573 1207 potest
593 1136 625 1187 et
647 1124 766 1209 quibus
787 1122 891 1187 modis
906 1123 989 1188 valet
1010 1138 1145 1189 conatur
1167 1126 1328 1191 inducere.

370 1223 459 1287 Sedis
482 1225 665 1310 apostolicae
686 1224 823 1311 gratiam
848 1225 997 1312 utrinque
1020 1241 1187 1313 quaerunt:
1219 1241 1251 1293 et
1275 1229 1327 1311 (ut

368 1324 516 1410 arbitror)
526 1327 584 1413 qni
594 1350 664 1391 eam
674 1331 779 1393 minus
788 1341 987 1408 meruerunt,
997 1342 1054 1393 ant
1062 1332 1227 1415 assequuti
1240 1346 1326 1405 sunt,

368 1426 506 1512 amplius
525 1428 705 1513 gloriantur
726 1452 758 1492 se
778 1431 844 1492 voti
866 1441 1029 1514 compotes
1048 1452 1124 1495 esse.
1168 1431 1326 1496 Jactitaut

367 1550 399 1591 se
412 1528 482 1592 haec
498 1542 529 1594 et
546 1529 600 1593 illa
615 1531 809 1596 obtinuisse:
835 1529 891 1596 sed
908 1534 972 1593 scio
987 1531 1074 1616 quod
1090 1530 1135 1594 eis
1150 1533 1326 1617 praesertim

366 1627 399 1692 in
419 1630 470 1694 his
491 1655 565 1717 quae
579 1634 759 1697 contrarius
775 1631 926 1697 videntur
940 1631 1057 1712 elicita,
1072 1631 1181 1696 nullus
1204 1632 1330 1718 sapiens

364 1730 496 1797 habebit
521 1732 630 1813 fidem,
654 1733 714 1797 nisi
740 1734 860 1820 scripta
889 1732 1075 1797 authentica
1100 1743 1132 1796 et
1159 1734 1327 1817 originalia

367 1834 543 1917 proferant.
589 1839 701 1901 Unum
718 1834 783 1898 scio
802 1849 835 1898 et
857 1833 978 1900 mundo
993 1833 1184 1898 reclamante
1200 1834 1327 1900 indubi-

367 1948 473 1999 tanter
487 1948 519 2000 et
536 1935 634 2000 libere
649 1958 766 2015 assero,
780 1935 859 2021 quia
878 1933 935 2021 qui
952 1934 1082 2000 Christo
1098 1934 1279 2017 adhaeserit,
1293 1936 1325 2000 in

365 2035 460 2100 finem
484 2059 547 2101 non
570 2036 750 2123 poenitebit.
805 2036 1067 2099 Momentsneum
1095 2050 1143 2101 est
1171 2036 1325 2121 gaudium

365 2138 538 2224 impiorum
554 2152 587 2204 et
601 2139 702 2204 instar
722 2140 846 2224 puncti,
859 2138 979 2223 quibus
994 2137 1025 2200 in
1043 2138 1133 2202 brevi
1149 2138 1234 2202 tinea
1250 2139 1326 2204 sub·

365 2253 528 2305 sternetur
549 2254 582 2306 et
605 2244 838 2327 operimentum
863 2252 957 2303 erunt
981 2261 1122 2303 vermes:
1155 2253 1187 2305 et
1208 2241 1327 2307 electos

366 2365 441 2406 auos
452 2342 669 2409 consolabitur
682 2344 851 2422 Dominus,
864 2365 921 2406 nec
930 2343 1072 2428 patietur
1084 2356 1121 2407 ut
1136 2366 1189 2408 eos
1204 2344 1325 2431 affligat

364 2444 486 2530 duplex
504 2445 680 2511 tribulatio.
711 2448 825 2510 Pacem
842 2444 1028 2508 universalis
1041 2444 1181 2510 ecclesiae
1196 2463 1324 2533 sperant

364 2570 486 2623 omnes,
513 2561 545 2613 et
571 2571 639 2612 eam
665 2548 731 2611 fere
758 2547 898 2612 universi
924 2546 1124 2611 desiderant:
1161 2571 1217 2613 nec
1246 2550 1325 2615 alios

365 2648 569 2734 excipiendos
588 2672 655 2713 esse
678 2648 878 2726 crediderim,
893 2647 953 2711 nisi
976 2669 1059 2734 quos
1082 2648 1235 2714 scelerum
1251 2675 1325 2715 con-

365 2750 495 2814 scientia
511 2764 651 2837 torquet,
666 2751 857 2815 convincens
880 2772 934 2814 eos
955 2748 1094 2837 propriae
1112 2749 1325 2817 damnationis

365 2857 518 2918 meruisse
544 2853 741 2918 sententiam.
795 2854 878 2915 Nam
906 2865 938 2916 et
963 2856 1032 2937 ipse
1058 2852 1231 2937 imperator
1255 2852 1324 2937 jam

363 2969 565 3040 exaugustus
584 2968 730 3041 patenter
753 2968 906 3042 expertus
928 2967 976 3020 est
999 2977 1032 3017 se
1053 2955 1087 3016 in
1110 2952 1323 3038 Augustalem

365 3080 427 3120 non
444 3080 536 3142 posse
559 3058 661 3121 redire
680 3059 884 3142 dignitatem,
898 3055 958 3119 nisi
979 3077 1088 3141 pacem
1105 3076 1178 3118 cnm
1195 3054 1325 3120 ecclesia

363 3158 486 3236 fecerit,
503 3182 559 3223 nec
575 3159 731 3224 detrectat
749 3160 817 3245 jam
839 3154 1077 3223 conditionibus
1092 3158 1195 3241 aequis
1216 3156 1325 3221 ioedus

365 3261 445 3324 inire
467 3284 541 3325 cum
565 3261 672 3326 Italis:
704 3261 861 3347 accitique
886 3258 1031 3324 consules
1058 3258 1223 3323 civitatum
1250 3283 1321 3326 cnm

364 3363 488 3426 nunciis
503 3365 571 3449 ejus
586 3363 734 3428 ineundae
749 3367 836 3450 pacis
852 3363 884 3426 in
900 3361 988 3426 curia
1003 3361 1121 3426 librant
1136 3374 1169 3425 et
1183 3361 1322 3427 formant

363 3463 528 3544 articulos,
549 3479 582 3528 et
605 3464 759 3528 valituras
780 3465 813 3527 in
837 3477 1000 3550 posterum
1026 3478 1222 3549 componunt
1247 3487 1322 3529 cau-

363 3564 475 3628 tiones.
522 3568 634 3652 Hujus
656 3567 701 3630 rei
724 3566 846 3630 exitum
868 3566 1073 3651 praestolatur
1095 3565 1242 3630 dominns
1267 3568 1321 3629 Se·

363 3667 522 3746 nonensis,
532 3669 590 3752 qui
600 3679 705 3730 tamen
718 3664 902 3729 Paschalem
915 3664 1145 3729 solemnitatem
1157 3664 1243 3728 domi
1254 3688 1321 3729 suae

363 3767 507 3831 creditur
530 3782 562 3832 et
589 3781 736 3855 speratur
761 3780 901 3832 acturus.
947 3771 1162 3831 Reverteutur
1186 3789 1259 3831 cum
1284 3790 1322 3830 eo

366 3869 433 3933 vita
454 3870 570 3933 comite
592 3873 745 3936 Cantuar.
767 3867 907 3932 ecclesiae
928 3880 1162 3954 procuratores,
1184 3869 1242 3953 qui
1265 3868 1321 3932 do·

362 3971 450 4033 mino
466 3994 524 4035 suo
539 3970 732 4056 scripserunt
752 3970 921 4057 petitiones
944 3992 1017 4033 suas
1038 3968 1207 4053 benignius
1223 3992 1321 4055 quam

364 4089 569 4159 speraverant
599 4074 778 4150 exauditas,
809 4072 883 4138 licet
913 4073 954 4137 de
988 4071 1053 4136 fide
1083 4085 1115 4134 et
1144 4071 1321 4136 constantia

362 4173 483 4238 domini
511 4198 603 4262 papae
634 4174 693 4239 sibi
717 4187 811 4237 antea
837 4174 1023 4238 viderentur
1050 4193 1119 4236 esse
1144 4171 1321 4237 certissimi.

362 4281 589 4345 Praevenerant
612 4302 665 4343 eos
688 4278 795 4342 nuncii
820 4279 941 4344 domini
963 4277 1058 4361 regis,
1083 4275 1200 4360 Ragin.
1221 4273 1323 4336 archi-

362 4378 442 4445 diac.
468 4381 626 4445 Saresber.
651 4377 810 4462 Magister
836 4379 908 4442 Ric.
933 4381 1044 4450 Bane,
1068 4387 1099 4438 et
1127 4371 1211 4436 Rad.
1235 4371 1320 4433 Lan-
