3384 5525
386 761 449 818 272
644 770 779 815 cornuis
795 766 1073 813 sanusnumarvsrs
1247 747 1294 821 [A.
1312 764 1342 807 u.

386 935 506 988 tnosarn
523 945 590 986 esse
607 944 667 984 non
684 932 822 1006 reputet.
870 922 993 983 Matres
1018 929 1049 980 et
1065 913 1237 978 earundem
1262 912 1342 977 filias

384 1023 668 1109 incestatpariter:
698 1044 754 1085 nec
771 1024 863 1086 timet
879 1034 935 1084 aut
951 1018 1110 1082 erubescit
1127 1015 1230 1102 palam
1248 1027 1342 1079 teme-

383 1147 453 1189 rare
464 1127 636 1212 conjugum
649 1123 864 1188 sanctitatem:
885 1119 1100 1186 fornicationis
1109 1119 1244 1183 abusum
1257 1139 1340 1180 com·

382 1239 474 1312 parat
497 1226 685 1292 necessitati.
731 1224 927 1290 Proletarius
950 1236 998 1289 est
1017 1222 1096 1287 adeo
1119 1219 1207 1305 quod
1231 1219 1339 1305 paucis

380 1329 471 1393 annis
496 1330 524 1393 ei
552 1328 674 1393 soboles
707 1339 796 1391 tanta
825 1325 993 1402 succrevit,
1022 1337 1057 1389 ut
1088 1322 1337 1409 patriarcharum

380 1431 490 1495 scriem
507 1430 682 1495 antecedat.
730 1433 817 1494 lnter
840 1440 1009 1493 assertores
1032 1422 1244 1509 turpitudinis
1258 1423 1335 1508 ejus,

380 1555 517 1618 quorum
540 1532 678 1596 maxima
700 1544 767 1595 erat
783 1529 885 1616 copia,
901 1527 1155 1614 religiosissimus
1170 1525 1335 1611 presbyter

379 1634 419 1699 de
435 1636 527 1720 cujus
543 1634 721 1698 sinceritate
737 1654 829 1696 nemo
850 1631 992 1707 dubitat,
1008 1630 1099 1693 nobis
1121 1627 1232 1691 retulit
1248 1626 1335 1712 quod

377 1735 409 1799 in
437 1759 505 1816 una
525 1736 684 1801 duntaxat
711 1734 785 1798 villa
808 1746 840 1797 et
864 1732 1049 1818 adjacentiis
1076 1730 1146 1814 ejus
1172 1753 1203 1793 x.
1229 1745 1258 1794 et
1282 1729 1333 1792 vii.

376 1837 486 1922 genuit
506 1838 640 1922 spurios.
673 1838 757 1913 Quot
774 1834 806 1898 in
823 1834 891 1898 aliis
906 1833 1054 1898 effuderit
1072 1832 1188 1896 referre
1204 1830 1332 1913 longum

376 1952 435 2016 est,
452 1951 483 2003 et
498 1938 660 2002 indicibile
681 1936 781 2001 nobis.
829 1938 886 2012 Et,
902 1949 939 2001 ut
956 1935 996 1999 ab
1017 1933 1218 2021 expressione
1238 1932 1334 2018 hujus

375 2041 587 2107 immunditias
610 2041 802 2127 quandoque
825 2039 935 2125 lingua
957 2053 1065 2104 nostra
1086 2038 1224 2113 recedat,
1245 2036 1332 2100 novit

376 2143 468 2208 Deus
491 2157 522 2209 et
545 2145 678 2230 spiritus
700 2144 780 2230 ejus,
803 2144 861 2228 qui
885 2142 997 2207 animae
1024 2156 1140 2206 nostrae
1167 2139 1330 2226 praesidet,

374 2247 460 2331 quod
487 2258 535 2309 tot
558 2245 725 2331 spurcitias
747 2245 778 2308 in
802 2246 928 2308 homine
952 2244 1113 2328 religionis
1135 2264 1249 2305 nomen
1274 2252 1329 2304 aut

373 2345 518 2411 habitum
535 2345 723 2433 p'raeserente
734 2368 909 2432 numquam
926 2345 1117 2421 audivimus,
1130 2367 1188 2407 nec
1204 2356 1327 2407 tantum

373 2448 525 2512 sensimus
546 2470 671 2511 manare
694 2448 850 2512 foetorem.
897 2449 1002 2512 Totus
1024 2459 1199 2510 conventus
1222 2444 1330 2508 unani-

372 2549 466 2613 miter
477 2550 580 2614 stabat
594 2550 744 2613 adversus
755 2572 840 2624 eum,
851 2561 883 2614 et
894 2548 998 2613 clerus
1009 2564 1040 2612 et
1053 2548 1193 2633 populus
1204 2545 1327 2632 patriae.

373 2649 460 2724 Quia
482 2675 558 2736 ergo
582 2664 727 2737 patenter
750 2652 947 2717 advertimus
969 2651 1057 2738 quod
1081 2654 1147 2715 sine
1171 2651 1328 2714 amotione

371 2752 440 2838 ejus
453 2740 501 2818 res
515 2752 674 2817 emendari
688 2776 749 2819 non
765 2767 903 2841 poterat,
914 2768 945 2817 et
958 2777 1014 2817 nos
1027 2767 1131 2817 vestro
1144 2753 1328 2817 artabamur

370 2856 530 2931 mandato,
548 2855 604 2942 qui
620 2858 843 2943 praeceperatis
864 2868 900 2920 ut
917 2879 989 2920 eum
1011 2856 1048 2935 tsi
1063 2855 1108 2920 ita
1124 2856 1219 2937 esset)
1243 2859 1328 2920 omni

368 2958 529 3022 occasione
544 2972 574 3022 et
591 2959 802 3045 appellatione
819 2970 938 3022 remota
953 2980 1189 3022 amoveremus:
1215 2958 1276 3021 Dei
1294 2971 1326 3023 et

370 3070 473 3122 vestra
488 3060 676 3125 auctoritate
693 3061 765 3125 freti
777 3059 954 3146 postposito
966 3059 1078 3123 timore
1089 3072 1120 3123 et
1135 3059 1239 3144 gratia
1251 3083 1322 3123 eum

368 3163 561 3227 amovimus:
590 3176 621 3229 et
644 3164 757 3228 fratres
780 3164 820 3227 ab
842 3162 1022 3226 obedientia
1046 3163 1126 3248 ejus,
1143 3175 1174 3226 et
1197 3162 1324 3226 laicosa

370 3262 564 3346 subjectione
593 3267 662 3352 ejus
691 3265 896 3341 absolvimus,
923 3264 1127 3328 decernentes
1158 3265 1253 3329 etiam
1286 3277 1322 3327 ut

368 3363 511 3448 probatae
523 3367 677 3450 majorum
690 3367 908 3430 institutiones
920 3367 1087 3430 decaetero
1099 3366 1323 3431 inviolabiliter

367 3463 575 3528 observentur
590 3465 675 3529 salva
687 3467 717 3529 in
735 3469 883 3531 omnibus
895 3469 1084 3533 auctoritate
1097 3484 1210 3534 vestra.
1250 3469 1322 3534 ltrit

367 3563 475 3650 itaque
490 3568 559 3628 Deo
570 3578 601 3630 et
616 3568 797 3652 apostolatu
810 3583 915 3634 vestro
930 3570 1061 3654 dignum
1074 3593 1156 3656 opus
1171 3571 1319 3634 roborare

366 3667 453 3753 quod
484 3668 604 3733 factum
634 3682 691 3746 est,
720 3694 759 3734 ne
788 3673 938 3757 pestifera
969 3673 1063 3736 arbor
1089 3674 1183 3737 semel
1211 3675 1319 3738 avulsa

365 3767 486 3832 radices
500 3769 614 3833 iterum
632 3772 709 3856 figat
725 3773 757 3835 in
774 3773 867 3837 horto
884 3787 999 3848 vestro,
1011 3785 1043 3837 et
1059 3773 1097 3836 ad
1116 3773 1319 3858 ignominiam

364 3869 546 3956 apostolicae
558 3873 641 3938 sedis
653 3888 684 3938 et
698 3860 856 3959 religionis
867 3876 1074 3961 opprobrium
1086 3875 1212 3940 fructus
1224 3876 1320 3941 faciat
1393 3864 1396 3870 ⁶

365 3971 531 4037 toxicatos.
577 3976 683 4051 Quum
702 3990 806 4039 autem
824 3979 979 4041 sententia
995 3977 1058 4041 lata
1074 3992 1166 4057 esset,
1182 3978 1319 4042 universi

363 4074 479 4138 fratres
490 4097 508 4137 a
520 4075 610 4139 nobis
623 4076 744 4139 veniam
762 4079 922 4163 petierunt
933 4090 966 4144 et
979 4080 1209 4145 absolutionem
1224 4103 1319 4166 super

362 4199 400 4240 eo
425 4176 512 4261 quod
534 4178 743 4242 servientibus
764 4179 866 4258 electi,
882 4181 996 4247 scilicet
1013 4184 1054 4247 G.
1072 4183 1267 4246 Maresealco
1289 4196 1321 4247 et

362 4278 552 4362 quibusdam
565 4280 644 4359 aliis,
653 4281 708 4367 qui
721 4304 791 4345 cum
803 4282 873 4346 aliis
882 4284 1000 4348 sicariis
1010 4310 1028 4348 a
1038 4309 1146 4350 mensa
1156 4286 1225 4372 ejus
1238 4309 1321 4348 rece-

362 4379 471 4446 dentes
482 4383 696 4468 gloriosissimi
709 4387 857 4471 martyris
870 4388 968 4451 sancti
984 4388 1120 4452 Thomae
1133 4388 1320 4473 sanguinem
