3384 5525
500 772 560 831 120
754 783 891 829 sossius
907 782 1185 827 sannsunmsums
1358 765 1402 846 [s.
1421 785 1450 829 n.

501 961 595 1022 quam
617 949 735 1000 sanetae
759 936 1010 999 conversationis
1033 938 1194 1018 exemplo.
1242 938 1301 999 llle
1326 958 1454 1020 quoqne

500 1041 628 1123 sapiens
650 1051 680 1102 et
692 1040 859 1120 religiosus
880 1039 984 1113 frater,
1009 1037 1158 1113 (nominis
1182 1040 1302 1102 etenim
1326 1062 1393 1103 uon
1408 1062 1453 1102 re·

501 1139 637 1221 cordon)
659 1141 741 1202 inito
766 1140 901 1202 consilio
922 1162 995 1202 cum
1027 1140 1228 1223 principibus
1251 1142 1454 1206 sacerdotum

499 1252 532 1305 et
547 1243 618 1305 aliis
641 1263 722 1325 quos
737 1241 777 1303 de
798 1240 955 1304 industria
970 1254 1072 1319 taceo,
1088 1241 1323 1305 studiosissime
1340 1264 1452 1326 procu·

499 1342 590 1418 ravit,
605 1363 646 1404 ne
670 1353 782 1416 vestra,
807 1340 916 1423 siqua
938 1352 1043 1401 tamen
1061 1348 1121 1413 est,
1149 1339 1251 1422 possit
1269 1340 1455 1404 innocentia

499 1463 557 1525 per
572 1442 705 1527 alicujus
721 1440 816 1504 amici
833 1440 1028 1521 diligentiam
1052 1441 1210 1518 excusari,
1226 1455 1336 1504 contra
1352 1442 1452 1505 archi-

499 1545 688 1627 episcopum
718 1544 847 1605 uomine
875 1542 973 1604 totius
1002 1554 1179 1604 conventus
1204 1543 1453 1624 appellationem

499 1644 641 1709 formans
681 1655 713 1708 ct
751 1655 893 1707 statuens
934 1665 1006 1705 enm
1045 1643 1259 1706 adversarium
1295 1645 1452 1717 ecclesiae,

500 1747 592 1829 quasi
617 1746 709 1808 vobis
729 1746 763 1808 in
790 1746 897 1828 aliquo
922 1733 1095 1818 nocirisset,
1120 1757 1175 1808 aut
1199 1756 1359 1807 constaret
1384 1766 1455 1807 eum

499 1846 636 1909 nocendi
667 1846 866 1930 propositum
898 1847 1097 1929 concepisse.
1164 1848 1251 1909 Usus
1281 1860 1329 1910 est
1358 1848 1453 1910 homo

498 1946 648 2029 prudenti
675 1945 810 2007 consilio
837 1947 894 2028 qni
909 1948 1019 2009 maluit
1047 1967 1101 2007 ros
1126 1946 1244 2009 habere
1271 1958 1395 2030 patrem
1422 1959 1452 2009 et

499 2047 662 2108 dominnm
693 2045 905 2108 adversarium
939 2067 1034 2129 qnam
1066 2047 1214 2109 amicum.
1271 2048 1367 2111 Multi
1398 2050 1451 2131 qni

499 2146 631 2209 aderant
655 2147 818 2209 hominem
838 2145 1016 2209 deriserunt
1031 2159 1062 2210 et
1076 2148 1361 2231 imprecationibus
1381 2171 1449 2233 per·

499 2249 625 2331 sequuti
643 2260 726 2327 sunt,
750 2248 804 2309 nbi
828 2248 1009 2311 sentiebant
1031 2261 1130 2311 tutam
1155 2250 1361 2334 colloquendi
1384 2273 1452 2315 esse

497 2351 688 2427 libertatem,
711 2350 836 2413 dicente
860 2350 940 2412 nihil
958 2351 1113 2413 accidisse
1137 2352 1263 2425 mirum,
1286 2353 1364 2436 quia
1386 2375 1450 2415 mo-

498 2452 595 2514 nachi
611 2452 857 2514 Cantuarienses
879 2453 942 2515 hoc
966 2454 1058 2535 quasi
1080 2453 1304 2516 hereditarium
1330 2476 1451 2539 semper

497 2553 627 2630 habeut,
642 2566 677 2616 ut
692 2554 950 2637 archiepiscopos
966 2575 1041 2616 suos
1056 2554 1191 2618 oderint.
1236 2556 1291 2633 Et,
1307 2566 1342 2619 ut
1358 2558 1451 2619 verbo

496 2654 615 2716 faciant
642 2653 750 2729 fidem,
781 2654 930 2715 Ansehno
966 2653 1125 2736 inquiunt,
1157 2655 1207 2717 bis
1236 2675 1294 2737 pro
1327 2655 1450 2738 justitia

497 2756 693 2840 exulantqui
704 2754 784 2818 nihil
796 2777 937 2838 unquam
948 2756 1053 2820 solatii
1064 2757 1277 2822 contuleruut.
1301 2757 1449 2833 Contemf

494 2859 857 2944 pseruntRadnlphum:
883 2856 1017 2919 oderunt
1027 2858 1238 2920 Willelmum:
1261 2858 1449 2922 Theobaldo

498 2961 701 3025 tetenderunt
723 2959 874 3022 insidias:
899 2971 931 3020 et
954 2980 1032 3021 ecce
1055 2979 1141 3022 nunc
1164 2959 1323 3024 Thomam
1355 2961 1449 3042 gratis

497 3063 719 3126 insatiabiliter
733 3073 977 3146 persequuntur.

540 3163 621 3233 Quis
651 3164 825 3225 amicornm
856 3163 1013 3237 ccclesiae,
1043 3162 1162 3226 nedum
1192 3165 1351 3243 alumnus,
1381 3167 1447 3229 lraec

499 3265 531 3322 in
556 3263 706 3343 compitis
721 3264 890 3327 Ascalonis
913 3274 945 3326 et
966 3264 999 3325 in
1023 3265 1123 3327 triviis
1146 3265 1233 3327 Geth
1258 3266 1328 3329 sine
1344 3267 1449 3330 dolore

499 3364 539 3424 ab
571 3362 804 3425 incircumcisis
833 3363 942 3427 audiet
977 3364 1160 3428 decantari?
1200 3366 1282 3438 Quis
1311 3368 1451 3431 fidelium

500 3463 620 3528 Christi
635 3465 793 3546 lacrymas
808 3466 925 3548 poterit
941 3467 1125 3532 continere?
1164 3469 1256 3533 Deus
1271 3470 1351 3533 mihi
1366 3471 1451 3534 testis

499 3576 557 3637 est,
571 3561 656 3646 quod
673 3563 798 3626 fratrem
814 3565 915 3643 illurn,
926 3569 1068 3650 quisquis
1084 3570 1134 3647 sit,
1143 3571 1176 3632 in
1192 3572 1449 3656 praesumptionis

498 3667 592 3750 hujus
617 3668 752 3745 insania,
776 3671 911 3732 consilio
939 3683 1115 3735 conventus
1144 3694 1237 3736 usum
1260 3674 1361 3739 fuisse
1386 3697 1449 3738 non

497 3769 602 3832 credo.
634 3771 709 3832 Hoc
726 3782 829 3833 tamen
846 3773 918 3833 aliis
934 3773 1026 3835 facile
1043 3775 1228 3856 persuaderi
1242 3798 1310 3840 non
1325 3778 1449 3861 poterit,

497 3873 522 3934 si
538 3884 640 3934 ratum
655 3871 830 3935 habueritis
850 3873 937 3956 quod
952 3874 1069 3940 factum
1092 3891 1157 3940 est:
1182 3878 1259 3942 siin
1274 3899 1448 3963 proesump·

497 3984 594 4037 torem
611 3973 700 4034 illum
712 3996 774 4035 non
792 3973 1076 4040 animadverteritis
1090 3980 1301 4060 castigatione
1314 3980 1448 4045 crudeli:

496 4074 521 4137 si
550 4074 683 4136 consilio
711 4076 758 4136 vel
784 4076 908 4138 anxilio
941 4078 1102 4142 astiteritis
1130 4081 1194 4144 illis
1220 4083 1276 4165 qui
1305 4092 1449 4166 quaerunt

495 4177 633 4237 animuin
663 4177 761 4258 patris
792 4178 887 4239 vestri
922 4189 957 4240 nt
991 4181 1135 4245 auferant
1164 4205 1244 4245 eam.
1299 4185 1446 4267 Alioquin

495 4277 680 4340 videbimini
706 4278 873 4341 mandasse
898 4291 929 4342 et
954 4284 1134 4346 consentire
1161 4285 1355 4358 dicentibus,
1377 4287 1446 4348 Nou

495 4379 649 4444 hahemus
680 4400 783 4459 repent
815 4382 879 4442 nisi
912 4379 1081 4462 Cre-sorem,
1107 4383 1283 4468 Crocztfiqa
1298 4388 1449 4468 crnct‘fiye
