3384 5525
376 784 440 845 238
638 798 774 844 scaurus
791 797 1068 844 saacssaarmvsrs
1238 781 1281 866 [A.
1298 802 1329 845 o.

378 949 474 1016 Unde
493 948 622 1013 domino
638 972 707 1013 meo
722 949 871 1036 episcopo
882 948 1109 1026 Wintoniensi,
1122 963 1246 1036 quanta
1256 973 1328 1036 pos·

377 1074 447 1116 sum
463 1053 578 1114 mentis
599 1049 773 1126 alacritate,
796 1050 1013 1135 congratulor,
1034 1052 1091 1136 qui
1113 1064 1290 1115 conventus
1310 1076 1329 1116 a

371 1152 537 1239 judicibus
550 1165 583 1215 et
598 1149 775 1215 senioribus
790 1160 882 1214 terrae
906 1151 1037 1215 Christo
1052 1151 1187 1238 dignum
1202 1175 1330 1238 respon-

376 1276 446 1318 sum
476 1251 575 1328 dedit,
606 1264 638 1315 et
666 1250 855 1336 rescriptum
885 1252 991 1316 emisit
1020 1275 1199 1339 congruum
1229 1258 1327 1331 oetati,

375 1354 573 1441 professioni,
597 1352 720 1428 honori,
743 1365 777 1418 et
801 1354 923 1438 generi,
947 1366 979 1419 et
1001 1355 1090 1441 quod
1111 1355 1154 1419 ad
1176 1356 1327 1423 virtutem

375 1468 512 1544 poterat,
529 1455 610 1520 sicut
625 1467 657 1519 et
672 1453 784 1518 fecisse
799 1454 953 1532 creditur,
969 1457 1244 1543 compresbyteros
1266 1458 1329 1522 ani-

373 1581 470 1622 mare.
501 1561 584 1622 Nam
600 1568 632 1620 et
648 1554 694 1619 illi
706 1554 884 1621 tendiculas
898 1554 1116 1620 insidiantium
1127 1556 1330 1623 laudabiliter

373 1661 547 1725 eluserunt.
593 1656 664 1722 Alia
690 1657 769 1734 vice,
795 1658 822 1721 si
850 1656 999 1722 conventi
1028 1656 1161 1734 fuerint,
1187 1657 1326 1725 locuturi

373 1764 508 1828 verbum
523 1759 598 1824 fidei
610 1773 642 1823 et
656 1758 800 1823 veritatis
810 1780 884 1822 oum
900 1758 1036 1822 fiducia:
1060 1759 1154 1844 plane
1169 1760 1328 1837 docentes,

373 1864 459 1951 quod
476 1863 623 1928 dominus
638 1882 693 1926 rex
705 1861 857 1926 hactenus
866 1862 1001 1927 abutens
1012 1860 1188 1947 pernicioso
1199 1862 1329 1927 consilio

372 1965 532 2031 abductus
546 1976 594 2030 est
608 1964 640 2028 in
655 1962 789 2040 invium,
804 1975 837 2028 et
852 1985 915 2026 non
930 1962 963 2026 in
978 1962 1074 2041 viam,
1089 1976 1122 2027 et
1138 1964 1329 2047 suadebunt,

372 2068 495 2133 utinam
518 2065 741 2153 persuadeant,
756 2076 792 2130 ut
815 2064 859 2129 ad
878 2064 959 2129 viam
983 2064 1103 2143 redeat,
1116 2078 1210 2130 extra
1231 2090 1327 2152 quam

372 2168 486 2234 salvari
509 2189 571 2231 non
594 2179 711 2253 potest,
725 2188 782 2230 nec
804 2165 859 2231 diu
874 2166 1027 2253 principis
1049 2166 1114 2233 frui
1137 2166 1251 2252 gloria,
1266 2168 1328 2232 nisi

371 2291 444 2333 cum
459 2267 590 2332 ecclesia
603 2265 665 2330 Dei
681 2266 777 2332 faciat
792 2288 912 2352 pacem.
944 2269 1011 2332 Nec
1022 2290 1080 2332 vos
1091 2280 1217 2333 moveat
1228 2271 1329 2333 inanis

370 2366 519 2454 gloriatio
542 2388 664 2444 eorum,
686 2369 743 2451 qui
768 2366 932 2453 jactitant,
956 2368 1049 2453 quod
1075 2368 1224 2433 dominus
1245 2392 1329 2455 papa

371 2469 452 2545 illos,
469 2492 551 2555 quos
573 2466 829 2553 archiepiscopus
851 2470 1192 2549 excommunicaverat,
1215 2471 1329 2537 habeat

370 2572 543 2660 absolutos,
554 2569 629 2634 inde
644 2569 792 2633 solatium
808 2583 987 2654 quaerentes
1002 2572 1136 2639 miseriae
1152 2574 1328 2660 suae,quod

369 2674 414 2739 eis
428 2695 501 2737 oum
514 2671 733 2737 benedictione
744 2694 886 2735 caussam
902 2672 1021 2739 dicitur
1035 2673 1209 2760 delegasse,
1220 2688 1253 2740 et
1268 2678 1328 2740 hoc

369 2788 538 2862 postquam
554 2772 754 2836 anathemate
774 2773 976 2839 condemnati
993 2787 1078 2840 sunt.
1124 2779 1208 2841 Nam
1228 2777 1328 2841 domi-

369 2900 446 2942 num
457 2899 571 2964 papam
582 2887 711 2939 excusat
722 2875 914 2958 ignorantia,
927 2877 979 2940 cui
992 2875 1134 2941 nondum
1145 2876 1328 2945 innotuerat

368 2980 401 3044 iu
416 3003 470 3044 eos
488 2975 824 3042 excommunicationis
845 2976 941 3040 latam
964 3000 1032 3042 esse
1054 2978 1254 3057 sententiam,
1271 3002 1327 3044 nec

368 3095 472 3148 tamen
486 3104 577 3166 prece
589 3079 637 3143 vel
650 3078 754 3165 pretio
766 3077 875 3142 induci
886 3078 1005 3164 potuit,
1016 3092 1053 3143 ut
1065 3079 1203 3165 aliquem
1216 3103 1324 3145 eorum

368 3205 388 3246 a
397 3204 494 3246 manu
510 3180 631 3244 domini
643 3177 884 3244 cantuariensis
897 3178 1061 3254 eximeret,
1072 3178 1150 3264 quin
1160 3201 1219 3264 pro
1230 3180 1327 3244 modo

366 3282 470 3366 culpae
486 3304 539 3346 eos
553 3280 736 3366 percelleret
752 3280 920 3344 severitate
936 3279 1098 3344 vindictae.
1128 3283 1202 3346 Hoc
1216 3293 1325 3346 autem

366 3396 488 3449 certum
519 3395 624 3446 teneat
655 3393 758 3444 restra
784 3380 924 3460 dilectio,
948 3381 1035 3467 qnod
1062 3382 1210 3447 dominus
1235 3406 1326 3448 meus

367 3483 605 3553 cantuariensis
630 3480 794 3567 praeelegit
820 3483 854 3545 in
883 3484 979 3548 exilio
1011 3486 1103 3562 mori,
1130 3507 1226 3571 quam
1258 3484 1323 3549 sine

365 3587 505 3654 ecclesiae
527 3583 712 3648 liberatione
734 3583 848 3660 redire,
873 3607 941 3661 nec,
961 3599 1090 3650 auctore
1112 3590 1195 3667 Deo,
1214 3609 1325 3672 pacem

364 3691 508 3754 facturus
523 3697 581 3765 est,
595 3684 654 3748 nisi
678 3684 788 3750 utilem
811 3689 959 3770 posteris,
975 3699 1008 3751 et
1031 3700 1095 3753 tam
1112 3687 1326 3773 praesentibus

364 3813 462 3878 quam
477 3787 594 3852 futuris
610 3787 784 3851 honestam.
824 3788 857 3850 Si
873 3811 948 3854 vero
964 3799 1210 3876 persequutores
1225 3789 1324 3854 cocle·

364 3895 419 3959 siae
442 3891 617 3978 perdurare
640 3891 672 3952 in
699 3889 821 3954 malitia
848 3889 1056 3969 decreverint,
1079 3892 1147 3977 ipse
1172 3895 1323 3977 quoniam

362 3995 487 4083 plenam
511 3991 631 4076 accepit
652 4003 854 4076 potestatem,
878 3993 1104 4079 progredietur
1123 3992 1270 4070 ulterius,
1290 4006 1322 4057 et

361 4110 472 4164 contra
487 4098 590 4160 Deum
603 4094 635 4156 in
647 4093 822 4158 exercenda
828 4095 957 4180 justitia
969 4095 1048 4161 nulli
1061 4095 1191 4161 omnino
1201 4107 1322 4182 parcet.

365 4201 485 4266 Valetc.
