3384 5525
366 768 478 848 mo]
762 785 940 831 nersromn.
1258 775 1320 830 245

362 937 445 1001 sicut
460 956 519 1021 pro
534 944 621 999 certo
637 934 773 999 relatum
793 946 852 1018 est,
867 934 908 999 ad
922 934 1127 999 clementiam
1151 935 1321 1021 archiepis·

361 1040 433 1125 copi
445 1037 670 1122 confugissent,
683 1037 743 1101 nisi
759 1059 813 1102 eos
830 1060 916 1124 saepe
931 1038 1113 1102 nominatus
1127 1038 1319 1103 Eboracens.

363 1142 550 1223 seduxisset,
572 1141 758 1207 dissuadens
780 1164 822 1206 ne
847 1140 925 1227 quid
952 1163 1027 1225 rege
1050 1140 1192 1205 facerent
1211 1142 1320 1205 incon·

363 1244 447 1309 sulto
461 1267 558 1331 quem
574 1256 744 1331 patronum
760 1244 939 1309 habuerant
953 1243 986 1307 in
1008 1243 1156 1308 omnibus
1171 1244 1320 1330 operibus

365 1348 439 1415 suis.

408 1453 478 1518 Illis
507 1454 615 1539 itaque
648 1474 722 1517 curn
752 1452 971 1536 indignatione
1008 1451 1250 1537 properantibus
1279 1450 1320 1515 ad

363 1555 530 1621 dominum
562 1578 684 1640 regem,
710 1566 816 1619 noster
846 1554 1100 1641 archiepiscopus
1131 1554 1171 1619 ad
1200 1570 1319 1618 novum

362 1680 473 1742 regem
483 1656 544 1722 iter
555 1656 698 1742 arripuit.
727 1655 838 1729 Quum
851 1676 923 1718 vero
934 1654 1116 1718 Londonias
1127 1654 1322 1740 pervenisset

363 1759 570 1825 denunciavit
592 1759 622 1823 ei
638 1780 694 1823 rex
709 1757 818 1843 junior
832 1780 873 1822 ne
894 1758 1146 1843 progrederetur,
1163 1779 1222 1821 nec
1244 1755 1321 1821 civi-

364 1875 446 1927 tates
463 1863 532 1947 ejus
554 1875 610 1927 aut
624 1861 755 1926 castella
777 1860 920 1936 intraret,
935 1859 990 1924 sed
1014 1860 1169 1946 reciperet
1190 1882 1223 1925 se
1246 1882 1320 1923 cum

364 1964 428 2029 suis
442 1964 526 2028 inira
539 1964 696 2028 ambitum
713 1962 857 2027 ecclesiae
873 1984 950 2039 suae,
966 1973 1000 2027 et
1014 1962 1077 2027 suis
1092 1962 1320 2026 denunciatum

364 2076 470 2129 estne
485 2065 575 2149 regni
591 2065 671 2129 fines
686 2076 811 2145 exeant,
825 2085 886 2127 nec
908 2062 1065 2148 prodeant
1079 2063 1111 2126 in
1135 2062 1318 2148 publicum:

364 2167 432 2249 sed,
441 2167 523 2232 sicut
537 2190 571 2233 se
586 2168 671 2253 ipsos
684 2166 834 2251 diligunt,
848 2178 981 2230 caveant
996 2166 1065 2231 sibi.
1111 2166 1185 2240 Qua
1200 2165 1322 2230 denun-

363 2269 500 2335 ciatione
516 2269 690 2355 publicata,
707 2291 740 2332 se
755 2278 788 2333 et
804 2290 876 2332 suos
893 2269 1076 2333 Cantuariae
1088 2269 1209 2354 recepit
1220 2268 1322 2333 erchi-

363 2373 544 2458 episcopus,
560 2371 670 2457 ibique
693 2370 829 2435 salutare
848 2371 911 2435 Dei
928 2393 1002 2434 curn
1018 2371 1119 2435 multo
1139 2371 1321 2435 discrimine

362 2472 601 2559 praestolamur:
625 2494 731 2558 neque
740 2472 832 2536 nobis
848 2472 897 2535 via
908 2471 1129 2536 consolationis
1140 2472 1323 2537 autsecuri-

363 2573 437 2638 tatis
451 2572 515 2637 alia
528 2583 627 2658 patet,
644 2595 741 2659 quarn
757 2584 792 2637 ut
807 2572 917 2637 vestris
933 2585 966 2637 et
976 2587 1156 2637 sanctorum
1172 2574 1322 2637 orationi·

362 2674 423 2739 bus
432 2674 605 2739 evadamus
614 2673 743 2739 insidias
753 2696 864 2737 eorum
877 2674 933 2759 qui
944 2686 1121 2738 nostrorum
1132 2675 1319 2759 sanguinem

363 2777 477 2842 sitiunt
491 2789 524 2841 et
539 2789 699 2863 quaerunt,
715 2789 752 2840 ut
767 2775 807 2840 de
824 2788 908 2841 terra
923 2777 1050 2862 penitus
1065 2777 1249 2854 avellamur,
1266 2789 1322 2841 eut

363 2880 479 2946 clerius
497 2902 665 2966 pereamus
692 2880 724 2943 in
747 2880 824 2966 ipsa.
870 2881 963 2946 Licet
985 2892 1093 2944 autem
1117 2879 1322 2965 persequutio

363 2982 548 3069 gravissima
563 2982 614 3064 sit,
629 2982 718 3046 etad
734 2982 1006 3068 archiepiscopum
1030 3005 1116 3046 rarus
1131 2984 1172 3046 de
1187 3004 1322 3046 numero

362 3084 499 3149 divitum
515 3082 566 3150 vel
577 3083 803 3148 honoratorum
815 3083 956 3148 visitator
965 3083 1109 3148 accedat:
1134 3084 1201 3169 ipse
1212 3096 1321 3148 tamen

364 3185 487 3251 cunctis
517 3185 558 3250 ad
589 3209 623 3250 se
653 3185 855 3251 venientibus
885 3187 1059 3273 pontificali
1088 3187 1242 3272 gravitate
1267 3188 1321 3272 jus

364 3289 481 3370 reddit,
511 3290 644 3353 reducta
672 3311 797 3374 prorsus
827 3291 1012 3376 acceptione
1049 3312 1255 3376 personarum
1285 3313 1323 3354 ac

365 3410 547 3457 munerum.
570 3389 683 3454 Frater
691 3413 782 3454 meus
791 3390 832 3454 ad
841 3405 984 3456 nostrum
994 3391 1322 3477 Exoniensem‚quem

365 3491 445 3556 mihi
468 3491 612 3556 nondum
642 3493 733 3557 licuit
763 3494 900 3576 visitare,
931 3495 1100 3581 profectus,
1134 3495 1225 3559 lateri
1255 3495 1324 3579 ejus

365 3593 519 3671 adhaeret,
535 3595 568 3658 in
584 3595 698 3659 timore
713 3596 816 3660 multo
832 3608 866 3660 et
881 3597 953 3681 jugi
968 3597 1189 3663 sollicitudine.
1236 3596 1322 3660 Lon-

365 3717 443 3779 gum
467 3695 538 3773 erit,
563 3708 596 3760 et
622 3718 733 3761 vereor
758 3720 799 3761 ne
823 3696 957 3761 taedium
979 3711 1123 3782 generet,
1142 3699 1168 3761 si
1191 3709 1323 3762 cunctas

365 3798 527 3882 angustias
547 3813 668 3864 nostras
684 3822 809 3886 coepero
832 3800 1004 3885 replicare;
1034 3800 1090 3864 sed
1112 3823 1185 3887 quse
1207 3802 1324 3864 desunt

365 3901 520 3986 epistolae,
536 3902 771 3987 supplebuntur
792 3903 894 3967 officio
914 3903 1084 3989 portitoris.
1133 3903 1182 3966 Sit
1203 3903 1322 3989 itaque,

366 4004 392 4066 si
406 4002 523 4088 placet,
537 4004 748 4070 miserationis
763 4017 877 4070 vestrae
896 4005 1064 4070 sollicitare
1080 4016 1224 4070 sanctum
1240 4006 1324 4091 prio-

366 4126 434 4168 rem
450 4115 484 4168 et
498 4105 615 4170 amicos
633 4105 751 4170 Christi
767 4106 808 4170 de
824 4119 933 4172 monte
950 4108 1014 4172 Dei
1029 4120 1062 4172 et
1077 4108 1158 4172 valle
1177 4109 1209 4173 S.
1224 4108 1324 4187 Petri,

366 4206 542 4271 etabbates
551 4220 732 4274 sanctorum
741 4209 861 4274 Nicasii
871 4223 904 4274 et
915 4211 1064 4296 Crispini,
1074 4223 1106 4274 et
1115 4210 1191 4274 alios
1200 4220 1324 4272 sanctos

367 4308 539 4374 familiares
560 4324 690 4391 vestros,
714 4322 872 4397 quatenus
898 4311 989 4374 nobis
1011 4313 1097 4397 apud
1123 4310 1324 4375 Altissimum

367 4411 591 4498 suffragentur,
614 4425 649 4478 ut
672 4436 782 4479 eorum
806 4411 927 4477 meritis
950 4411 1118 4477 salubriter
1139 4412 1322 4492 liberemur,
