3384 5525
376 771 434 829 182
636 781 773 826 Joruurs
789 778 1069 824 srrrasauarausrs
1233 762 1282 841 [A.
1299 783 1330 826 n.

374 934 515 999 nondum
546 935 668 1016 ingruit
697 932 728 994 in
761 954 868 1017 preces
898 930 1122 1007 descendendi,
1150 932 1226 1016 quia
1251 933 1330 995 mihi

375 1048 489 1099 cuncta
503 1056 565 1097 non
583 1032 731 1096 modoad
749 1031 979 1106 necessitatem,
996 1030 1050 1095 sed
1074 1030 1115 1092 ad
1132 1031 1283 1095 honorem
1300 1048 1331 1097 et

374 1132 641 1222 magnificentiam
659 1155 715 1217 per
730 1144 852 1195 veteres
867 1130 983 1194 amicos
999 1131 1155 1196 ministrat
1168 1131 1327 1199 Christus.

376 1240 421 1301 Et
436 1236 565 1323 quidem
583 1257 644 1298 non
661 1233 777 1331 postris
793 1236 914 1297 meritis
930 1246 977 1297 tot
993 1234 1199 1299 coexulantes
1214 1249 1245 1299 et
1262 1258 1332 1321 pro-

376 1339 511 1422 scriptos
522 1336 652 1400 exhibet
664 1336 696 1399 in
711 1348 794 1397 terra
808 1333 922 1411 aliena,
933 1334 989 1396 sed
1001 1335 1141 1398 ecclesiae
1152 1359 1219 1399 suae
1230 1336 1330 1421 parcit

376 1452 408 1503 et
426 1435 587 1523 prospicit.
606 1436 763 1500 Dominus
774 1434 857 1497 enim
871 1437 1024 1500 Cantuar.
1041 1435 1204 1520 publicam
1220 1459 1333 1521 procu·

375 1554 425 1605 rat
441 1539 623 1617 utilitatem,
645 1561 704 1624 pro
726 1560 821 1601 causa
837 1536 899 1601 Dei
923 1537 1067 1612 dimicat,
1092 1538 1242 1603 honorem
1258 1538 1331 1603 cleri

376 1643 531 1707 vendicat.
578 1641 729 1705 Ecclesiae
752 1652 863 1705 tuetur
883 1640 1076 1721 libertatern,
1098 1641 1204 1707 adhuc
1226 1654 1330 1707 tamen

376 1746 442 1809 suis
457 1743 623 1830 stipendiis
639 1742 766 1821 militat,
781 1756 837 1807 aut
854 1743 942 1827 quod
956 1744 1152 1808 nostratibus
1167 1744 1329 1809 infamiam

376 1848 493 1933 ingerit
520 1861 551 1913 et
568 1870 664 1911 causa
687 1846 899 1910 damnationis
923 1860 980 1926 est,
1007 1847 1206 1912 miseratione
1230 1849 1331 1931 gentis

374 1950 487 2013 alienae
503 1949 600 2012 servit
616 1950 644 2011 ei
660 1948 800 2035 populus
816 1972 912 2034 quem
929 1972 992 2013 non
1008 1949 1169 2034 cognovit,
1186 1963 1218 2014 et
1233 1950 1330 2036 ipsius

375 2051 560 2136 sanguinem
578 2050 690 2115 sitiunt
707 2051 821 2114 summi
839 2050 997 2137 principes
1017 2051 1227 2116 sacerdotum.
1252 2055 1329 2130 Quis

375 2153 513 2217 ecclesiae
529 2166 631 2217 status
654 2153 694 2217 sit
714 2165 770 2216 aut
790 2175 899 2237 regum
921 2152 1072 2230 conditio,
1092 2153 1173 2217 lator
1194 2177 1330 2239 praesen·

375 2260 455 2320 tium
472 2254 651 2339 plenissime
667 2255 792 2335 referet,
807 2254 858 2319 cui
871 2254 957 2339 qnod
968 2255 1122 2340 placuerit
1137 2255 1330 2320 securissime

375 2354 520 2439 poteritis
535 2355 690 2420 intimare.

389 2654 611 2719 EPISTOLA
635 2656 936 2720 cemma—in
952 2677 1090 2722 azonam
1108 2677 1313 2723 uouacnnu.

756 2760 839 2839 [mn.
861 2760 968 2840 llas]

547 2964 551 2972 .
650 2917 737 2981 ldcm
754 2919 861 2983 Azoni
877 2923 1048 2986 Monoclto.

416 3074 587 3132 Asaacrus
617 3067 657 3132 ab
688 3067 803 3131 effectu
834 3069 1044 3148 convincitur,
1071 3085 1103 3135 et
1132 3072 1323 3159 plerumque

373 3191 475 3230 sermo
490 3169 593 3232 bonus
619 3167 737 3234 donum
762 3193 913 3252 magnum
940 3173 1134 3238 transcendit
1157 3174 1191 3237 in
1214 3175 1324 3260 gratia.

373 3269 461 3342 Quid
476 3291 552 3353 ergo
564 3270 666 3334 dicam
680 3272 737 3356 qui
749 3272 839 3336 obice
852 3276 1048 3361 tempestatis
1059 3275 1209 3341 exclusus
1219 3277 1326 3341 amicis

373 3369 490 3432 servire
506 3391 639 3455 nequeo,
650 3395 707 3435 nec
719 3372 854 3438 liberum
868 3388 915 3441 est
931 3377 1009 3442 mihi
1020 3377 1081 3443 illis
1095 3380 1327 3443 communicare

373 3470 424 3534 vel
448 3471 569 3536 verbo?
611 3473 818 3540 Scribamne?
851 3479 906 3543 sed
931 3480 1052 3546 alienus
1074 3481 1214 3568 portitor
1238 3502 1327 3546 rarus

369 3573 547 3636 intermeat.
593 3573 724 3639 Mittam
747 3580 939 3663 proprium?
970 3581 1025 3645 sed
1047 3583 1126 3647 meis
1149 3581 1326 3648 tonduntur

370 3671 511 3737 insidiae:
537 3697 594 3738 nec
605 3687 652 3739 est
667 3676 783 3764 aliquis
798 3682 857 3765 qui
869 3703 901 3744 se
912 3681 943 3744 in
960 3683 1131 3769 praevisum
1147 3684 1323 3770 periculum

371 3786 484 3859 sponte
508 3777 663 3862 projiciat.
709 3781 772 3844 His
796 3804 873 3868 ergo
896 3783 1141 3851 difficultatibus
1166 3787 1271 3851 rarius
1294 3799 1325 3851 et

370 3875 476 3939 minus
491 3878 612 3943 scribo:
643 3881 699 3945 sed
714 3896 799 3947 certe
817 3907 881 3949 non
906 3886 1012 3951 minus
1032 3910 1123 3954 amo:
1154 3888 1325 3954 faciliusat

370 3978 475 4042 verius
498 3979 633 4045 dixerim
649 3983 760 4068 magis.
806 3987 890 4050 Nam
906 4003 943 4054 ut
958 3989 1153 4063 infirmitatis
1178 3991 1324 4056 humanae

367 4082 511 4146 conscius
541 4096 573 4147 et
604 4084 634 4146 in
667 4087 773 4151 vetitis
803 4091 922 4175 saepins
956 4105 1198 4181 attemptamur.
1262 4093 1322 4159 sed

366 4196 495 4248 auctore
512 4188 582 4249 Deo
598 4187 735 4271 procella
750 4213 822 4275 qnae
838 4194 953 4259 collisit
968 4197 1133 4262 ecclesiam
1143 4199 1214 4284 jam
1230 4198 1322 4262 detu-

364 4288 483 4364 mescit,
499 4301 531 4352 et
549 4302 584 4352 ut
609 4289 641 4351 in
667 4289 772 4375 ipsum
787 4290 979 4361 confidimus
1005 4321 1138 4385 prorsus
1155 4311 1318 4366 evanescet

362 4391 394 4455 in
413 4389 511 4454 brevi.
558 4391 689 4456 Interim
715 4394 790 4458 mihi
814 4399 1015 4485 propositum
1040 4414 1087 4466 est
1109 4401 1216 4488 gratia
1240 4424 1318 4488 prae-
