3384 5525
363 772 425 832 206
620 776 756 825 scaurus
773 771 1051 820 sanasnaarausrs
1222 750 1265 830 [A.
1283 768 1312 811 n.

377 1016 600 1085 EPISTOLA
628 1012 1154 1079 cccxxxvl1.-ansomnm
1173 1024 1299 1070 ricrav.

597 1133 797 1179 uplscoauu.
836 1114 881 1193 [n.
898 1131 928 1175 u.
949 1107 1056 1191 noa]

532 1302 658 1364 Joannt
673 1300 860 1364 pictavensi
875 1296 1038 1380 Episcopo
1061 1296 1092 1357 J.
1107 1296 1140 1358 S.

406 1434 564 1499 Gnanms
586 1441 633 1494 est
655 1428 743 1515 apud
774 1450 831 1492 nos
860 1428 1041 1511 expectatio
1063 1425 1315 1511 praestolantium

362 1534 442 1623 quid
457 1532 602 1619 paritura
617 1530 657 1595 sit
673 1528 801 1593 collatio
815 1528 947 1594 illustris
962 1530 1047 1611 regis
1061 1528 1159 1612 Angl.
1183 1540 1215 1591 et
1232 1550 1316 1592 sanc·

364 1649 472 1702 torum
495 1632 854 1706 Grandimontanorum,
877 1630 932 1716 qui
959 1630 1083 1694 utinam
1104 1652 1164 1716 pro
1194 1630 1320 1695 celebri-

364 1752 431 1805 tate
453 1736 599 1812 nominis,
615 1757 709 1821 quam
727 1733 758 1797 in
780 1732 910 1797 ecclesia
926 1733 988 1797 Dei
1012 1732 1118 1797 subito
1132 1734 1218 1797 nacti
1234 1746 1318 1813 sunt,

364 1862 473 1927 pacem
489 1837 627 1902 ecclesiae
642 1834 791 1901 studeant
806 1857 987 1920 procurare.
1033 1834 1222 1899 Creduntur
1236 1836 1316 1898 euim

364 1940 520 2006 talentum
549 1938 662 2025 gratiae
684 1937 863 2023 principum
887 1936 920 2001 in
950 1948 1076 2001 tantum
1107 1936 1258 2000 meruisse
1286 1950 1317 2001 et

364 2039 541 2128 percepisse
562 2062 581 2103 a
604 2040 754 2111 Domino,
779 2050 816 2102 ut
831 2036 1026 2122 dispensatio
1047 2060 1218 2121 regnorum
1240 2060 1317 2123 qua-

365 2156 459 2209 tenus
484 2141 544 2227 ipsi
570 2140 770 2228 permiserint
795 2161 905 2204 eorum
930 2141 1150 2203 committatur
1176 2138 1318 2203 arbitrio.

366 2245 467 2308 Fama
482 2242 508 2307 si
523 2241 650 2327 quidem
667 2254 870 2328 praeconatur
885 2239 972 2326 quod
992 2242 1024 2304 in
1041 2262 1151 2303 eorum
1171 2241 1318 2304 manibus

365 2357 440 2411 sunt
455 2343 585 2409 consilia
598 2355 630 2408 et
645 2365 743 2429 opera
757 2364 878 2427 regum.
903 2340 987 2419 Quia
994 2363 1071 2427 ergo
1082 2364 1139 2405 vos
1149 2342 1321 2406 eorundem

366 2458 547 2513 sanctorum
564 2469 626 2510 non
639 2444 754 2510 dubito
762 2456 930 2523 amatores,
941 2458 973 2509 et
987 2443 1160 2509 familiares
1171 2467 1238 2509 esse
1249 2468 1320 2509 con-

365 2546 443 2627 fido,
458 2560 579 2633 quanta
593 2569 722 2631 possum
738 2568 850 2631 precor
863 2544 1014 2610 instantia
1029 2547 1182 2631 quatinus
1195 2568 1249 2610 eos
1263 2568 1319 2632 per

365 2648 501 2735 gratiam
531 2648 622 2712 vobis
651 2647 807 2713 divinitus
828 2648 976 2712 collatam
999 2647 1143 2712 adhibita
1164 2651 1251 2712 omni
1274 2648 1320 2712 di-

364 2749 497 2837 ligentia
519 2748 675 2826 animetis,
697 2761 735 2814 ut
749 2747 781 2812 in
802 2747 963 2835 colloquio
982 2749 1070 2835 quod
1091 2772 1163 2814 cum
1187 2750 1321 2836 praefato

365 2875 440 2940 rege
456 2851 598 2919 habituri
614 2863 700 2928 sunt,
715 2853 741 2915 si
763 2863 868 2915 tamen
889 2850 1030 2915 nondum
1053 2850 1248 2916 celebratum
1264 2865 1321 2931 est,

364 2954 560 3042 prospiciant
572 2952 789 3019 ecclesiasticae
806 2953 889 3038 paci,
903 2975 976 3038 quae
992 2953 1064 3017 Deo
1081 2964 1161 3018 teste
1176 2952 1238 3039 ipsi
1253 2953 1320 3038 regi

366 3055 461 3142 longe
482 3057 542 3121 erit
565 3056 687 3131 utilior,
710 3077 807 3140 quam
836 3055 902 3120 illis
930 3054 988 3141 qui
1017 3077 1050 3118 se
1073 3068 1105 3119 et
1135 3077 1194 3120 sua
1214 3054 1320 3119 omnia

365 3158 508 3242 gaudent
530 3157 712 3242 exposuisse
734 3179 794 3242 pro
818 3155 958 3222 Christo.
1005 3155 1078 3220 Sive
1100 3155 1182 3220 enim
1199 3155 1320 3235 vivant,

367 3258 432 3321 sive
453 3259 643 3338 moriantur,
663 3259 793 3323 Domini
817 3270 902 3334 sunt,
927 3271 959 3323 et
982 3257 1158 3325 secundum
1173 3257 1319 3323 multitu·

366 3357 473 3422 dinem
496 3356 640 3421 laborum
657 3372 688 3423 et
710 3357 868 3438 dolorum,
890 3359 1007 3446 quibus
1030 3359 1071 3423 ad
1089 3358 1251 3423 modicum
1266 3358 1321 3423 lla-

365 3457 538 3545 gellantur‚
553 3457 781 3523 consolationes
795 3459 864 3545 ejus
879 3473 1048 3546 expectant
1059 3462 1092 3526 in
1107 3461 1322 3526 misericordia

367 3560 470 3626 uberi.
516 3557 607 3634 Quid
635 3572 742 3623 autem
765 3561 892 3646 ajusto
910 3562 1031 3648 judice,
1056 3565 1151 3650 cujus
1173 3563 1321 3629 voluntas

367 3661 596 3749 omnipotentia
620 3675 681 3740 est,
704 3663 833 3748 poterit,
859 3663 918 3728 nisi
944 3665 1111 3750 poeniteat,
1125 3668 1318 3752 expectare?

367 3763 425 3850 qui
454 3763 555 3849 gratis
576 3763 778 3850 persequitur
799 3777 831 3828 et
862 3778 990 3850 torquet
1012 3769 1219 3833 innocentes?
1249 3769 1320 3831 Aut

367 3864 440 3951 quis
463 3868 525 3930 erit
548 3866 745 3952 poenitentiae
769 3865 909 3942 fructus,
935 3867 996 3931 nisi
1018 3869 1114 3932 corde
1136 3869 1274 3935 contrito
1288 3881 1320 3933 et

368 3965 535 4033 humiliato
564 3967 753 4033 confiteatur
787 3968 927 4053 culpam,
958 3984 1127 4054 componat
1159 3972 1320 4057 injuriam,

367 4065 484 4131 damna
497 4089 556 4152 pro
571 4068 724 4132 facultate
744 4071 905 4145 resarciat,
928 4082 959 4133 et
975 4067 1089 4133 similia
1110 4069 1142 4134 in
1158 4083 1321 4156 posterum

366 4192 478 4236 cavere
491 4168 650 4255 disponat.
710 4167 743 4232 Si
758 4191 833 4234 vero
853 4172 1018 4236 memorati
1039 4174 1138 4237 sancti
1154 4185 1246 4239 tanto
1264 4173 1320 4239 do·

367 4274 464 4353 mino,
484 4284 550 4336 tam
566 4271 687 4335 sincero
707 4270 819 4349 amico,
835 4273 911 4337 victi
926 4297 982 4360 spe
992 4274 1041 4338 vel
1058 4273 1172 4338 timore
1184 4275 1319 4341 dicenda

366 4375 534 4453 tacuerint,
557 4372 721 4458 quiscum
745 4373 785 4437 de
800 4388 916 4440 caetero
938 4387 1056 4442 statuet
1080 4389 1192 4442 contra
1206 4378 1318 4442 faciem
