3384 5525
732 760 949 841 1167.]
1502 767 1860 821 'E‘PlsroLAE-
2557 756 2633 814 81

725 931 883 1014 quid
914 941 1212 995 exactum
1241 930 1452 1008 fuerit,
1474 928 1774 992 desidero
1804 926 2189 1013 praemuniri,
2223 936 2296 989 ut
2325 947 2394 989 se
2425 926 2543 1003 sic,
2574 927 2631 990 si

722 1053 827 1095 res
878 1033 1178 1113 exegerit,
1230 1032 1476 1114 obliget
1534 1030 1619 1094 ad
1674 1031 2030 1093 humanum
2089 1027 2490 1111 obsequium,
2545 1048 2628 1096 ne

725 1133 1120 1197 conscientia
1147 1132 1534 1197 innocentiae
1567 1131 1973 1216 dispendium
2006 1130 2296 1213 patiatur.
2360 1130 2452 1192 Et
2477 1130 2632 1192 licet

724 1255 955 1298 arcana
999 1256 1117 1299 sua
1160 1236 1253 1299 sic
1299 1235 1598 1298 studeant
1642 1234 1969 1310 occultari,
2011 1254 2140 1294 non
2186 1231 2376 1295 facile
2422 1231 2631 1295 credi-

728 1334 928 1397 derim
960 1334 1155 1418 quod,
1185 1335 1311 1397 nisi
1343 1347 1657 1418 quatenus
1696 1333 2009 1397 Romanis
2039 1332 2120 1395 de
2149 1354 2324 1395 more
2367 1332 2631 1415 antiquo

728 1435 902 1512 licet,
948 1458 1249 1499 exercere
1295 1437 1493 1499 velint
1539 1457 1735 1519 opera
1783 1436 2222 1498 tenebrarum:
2285 1434 2632 1516 praesertim

731 1556 931 1617 quum
957 1534 1165 1598 sciant
1187 1535 1471 1598 omnium
1494 1535 1719 1598 oculos
1740 1534 1805 1597 in
1834 1556 1902 1598 se
1927 1554 2066 1596 esse
2097 1532 2369 1595 defixos.
2446 1534 2634 1612 Nam,

728 1636 784 1696 si
819 1636 1177 1698 rumoribus
1206 1635 1382 1698 credi
1414 1646 1681 1718 oportet,
1712 1636 1869 1697 alter
1896 1654 2112 1697 eorum
2145 1634 2478 1715 proposuit
2505 1635 2638 1713 regi

726 1739 1081 1819 Anglorum
1114 1737 1400 1801 ecclesiae
1433 1736 1706 1799 vendere
1749 1737 2126 1812 libertatem,
2156 1745 2221 1798 et
2259 1736 2640 1817 sanguinem

726 1837 1144 1900 innocentum
1168 1837 1566 1900 exulantium
1593 1846 1657 1899 et
1678 1836 2176 1920 proscriptorum
2195 1856 2311 1918 pro
2333 1836 2637 1899 Domino.

739 1939 980 2001 Valete.

793 2196 1233 2262 EPISTOLA
1278 2193 1784 2262 ccxxv—An
1813 2212 2092 2260 PETRUM
2125 2213 2567 2259 scmPTOREM.

1470 2301 1563 2381 [A.
1579 2320 1641 2364 n.
1682 2301 1903 2380 116⁷.]

1307 2438 1376 2500 J.
1408 2437 1482 2502 S.
1514 2437 1710 2501 Petro
1737 2437 2076 2519 Scripteri.

824 2557 1125 2619 RARITAs
1154 2556 1664 2620 intermeantium
1687 2556 1877 2620 nobis
1907 2557 2217 2621 subtrahit
2239 2567 2458 2622 mutua
2479 2558 2641 2621 sola-

737 2658 826 2721 tia
865 2657 1209 2734 literarum,
1236 2667 1303 2720 et
1331 2657 1525 2719 chaos
1569 2656 1744 2740 quod
1774 2658 1940 2721 inter
1969 2679 2106 2736 nos,
2137 2659 2381 2721 meritis
2410 2659 2644 2722 nostris

734 2759 1168 2842 exigentibuS‚
1196 2780 1235 2821 a
1280 2758 1559 2821 Domino
1604 2758 1922 2824 firmatum
1968 2771 2084 2839 est,
2113 2783 2408 2825 securum
2451 2763 2644 2825 inter·

736 2859 1105 2924 meantibus
1163 2858 1437 2941 denegat
1495 2873 1941 2925 commeatum.
2051 2861 2181 2926 Sed
2236 2863 2395 2926 licet
2457 2863 2647 2925 nobis

736 2961 1153 3027 subtrahatur
1174 2961 1618 3045 opportunitas
1647 2962 2082 3044 colloquendi,
2105 2984 2234 3025 non
2263 2962 2648 3047 praepeditur

740 3073 979 3127 mutuae
1011 3061 1374 3126 dilectionis
1404 3063 1694 3126 affectio:
1759 3062 1874 3126 sed
1903 3061 2246 3128 amantium
2292 3086 2486 3143 more,
2517 3087 2647 3148 quo

742 3167 948 3249 magis
976 3188 1327 3231 succensos
1369 3167 1619 3231 animos
1648 3177 1841 3232 vexat
1882 3178 2091 3232 metus
2133 3179 2199 3232 et
2239 3189 2464 3234 manus
2508 3192 2644 3235 cor-

742 3269 1132 3354 ripientium,
1156 3290 1234 3332 eo
1266 3269 1653 3334 cumulatius
1682 3279 1749 3333 et
1774 3269 2097 3334 ardentius
2125 3272 2354 3336 caritas
2376 3273 2646 3356 suscipit

743 3372 1226 3434 incrementum.
1318 3371 1390 3435 Si
1419 3383 1483 3435 te
1514 3393 1664 3453 ergo
1696 3383 1761 3437 et
1792 3373 1952 3436 alios
1992 3373 2234 3437 amicos
2262 3375 2479 3439 videre
2507 3396 2642 3439 non

743 3473 923 3549 licet,
952 3472 1009 3535 si
1039 3472 1276 3535 mutuis
1306 3472 1621 3539 deservire
1657 3475 1984 3558 obsequiis
2028 3496 2160 3538 non
2203 3477 2646 3559 permittimur,

744 3595 955 3638 amare
976 3585 1144 3637 certe
1158 3575 1312 3638 licet
1334 3574 1498 3638 votis
1514 3586 1578 3639 et
1600 3575 1993 3640 orationibus
2011 3576 2328 3662 adjuvare.
2393 3578 2645 3642 Caritas

747 3676 943 3752 enim,
987 3688 1059 3738 ut
1102 3676 1342 3740 dictum
1390 3688 1508 3756 est,
1538 3678 1828 3741 cohiberi
1869 3700 2003 3741 non
2045 3689 2276 3762 potest,
2311 3681 2462 3764 quia
2505 3679 2645 3743 ubi·
2690 3721 2693 3724 -

744 3799 1020 3862 cumque
1050 3777 1327 3861 Spiritus
1350 3779 1612 3842 Domini
1633 3780 1726 3842 ibi
1755 3791 1854 3844 est
1873 3794 1938 3844 et
1957 3781 2232 3845 libertas.
2315 3783 2464 3845 Non
2494 3782 2650 3845 licet

745 3880 1251 3944 ecclesiasticam
1280 3890 1493 3944 tenere
1524 3890 1588 3944 et
1630 3879 1974 3945 defendere
2017 3882 2410 3948 libertatem:
2474 3894 2645 3947 certe

747 3984 1141 4067 proclamare
1171 3983 1344 4060 licet,
1373 3992 1439 4047 et
1481 3984 1817 4066 protestari
1847 3983 2146 4048 mandata
2172 3985 2337 4066 legis
2375 3984 2644 4047 divinae:

744 4084 901 4147 licet
942 4105 1059 4168 pro
1104 4084 1296 4146 verbo
1341 4084 1491 4162 Dei,
1529 4083 1704 4168 quod
1733 4085 1803 4146 in
1846 4105 2038 4147 carne
2081 4096 2381 4168 suscepta
2421 4107 2490 4149 se
2534 4103 2650 4168 pro

747 4185 942 4249 nobis
970 4185 1154 4248 morti
1188 4187 1506 4268 exposuit,
1538 4208 1858 4269 exponere
1900 4208 2032 4250 non
2077 4188 2269 4252 modo
2311 4189 2647 4252 facultates
2688 4270 2692 4273 ἡ

746 4297 812 4350 et
846 4287 1189 4371 perituram
1233 4288 1694 4371 supellectilem
1737 4287 1929 4370 hujus
1971 4288 2215 4368 mundi,
2245 4289 2362 4354 sed
2405 4299 2472 4352 et
2510 4285 2648 4350 ani-

747 4409 887 4452 mas
913 4398 1181 4455 nostras.
1271 4390 1391 4454 Ille
1431 4399 1643 4454 autem
1685 4391 1995 4452 bonarum
2031 4393 2328 4453 mentium
2379 4385 2652 4473 Spiritus

842 4506 987 4554 voL.
1024 4509 1095 4554 11.
1682 4507 1727 4551 G
2677 4517 2880 4922 Η
