3384 5525
255 735 364 815 1162]
637 754 818 799 narsronrn.
1163 741 1201 799 71

250 906 405 988 Spiritum
427 906 590 987 Sanctum,
612 906 686 971 Deo
704 906 881 990 inspirante
904 919 937 969 et
959 915 1062 970 vestra
1078 906 1204 991 justitia

249 1017 443 1089 cooperante
463 1006 703 1090 respondebunt
724 1008 834 1070 merita
855 1028 929 1070 sua:
962 1016 995 1069 et
1019 1007 1094 1084 hoe,
1120 1008 1204 1071 sicut

250 1107 539 1172 christianissimus
550 1130 609 1172 rex
623 1119 656 1173 et
670 1130 802 1191 regnum
818 1109 887 1193 ejus
903 1107 943 1171 de
953 1108 1045 1171 vobis
1057 1109 1203 1189 confidit,

248 1209 282 1270 in
298 1209 395 1273 brevi.
440 1212 578 1273 Exultat
596 1207 732 1272 enimin
754 1210 805 1272 his
825 1231 897 1293 quae
919 1209 1006 1273 dicta
1025 1212 1156 1288 suntsi,
1172 1220 1205 1274 et

249 1331 322 1392 quae
351 1311 385 1373 in
416 1311 555 1374 adventu
584 1312 792 1375 cardinalium
821 1312 949 1395 plenius
978 1311 1201 1374 innotueruntr

250 1432 365 1475 vanam
390 1412 513 1475 scilicet
535 1434 605 1475 esse
631 1413 849 1492 gloriationem
873 1433 982 1475 eorum
1005 1412 1061 1495 qui
1083 1412 1201 1476 Cantu-

249 1511 368 1574 ariensi
389 1512 640 1595 archiepiscopo,
654 1513 753 1574 immo
768 1511 915 1575 ecclesiae
932 1512 1119 1593 Anglicanae
1139 1513 1203 1575 rui-

250 1634 326 1675 nam
342 1613 553 1676 minabantur.
576 1614 660 1676 Nam
672 1612 698 1676 si
711 1614 753 1675 ob
770 1614 854 1676 hanc
870 1635 999 1677 causam
1016 1612 1205 1697 dejiceretur

251 1714 524 1796 archiepiscopus,
544 1714 614 1797 quis
637 1713 768 1776 auderet
790 1713 904 1776 mutire
927 1712 967 1775 de
994 1711 1131 1777 cratero?
1170 1714 1205 1777 Si

250 1834 311 1877 rex
337 1806 525 1877 auctoritate
552 1827 655 1878 vestra
680 1815 956 1879 confirmationem
981 1817 1030 1878 vel
1059 1815 1206 1879 dissimu-

251 1918 404 1981 lationem
426 1915 704 1995 consuetudinum,
725 1938 805 2001 quas
828 1914 919 1999 petit,
941 1918 1112 1994 obtineret,
1128 1918 1206 2001 quid

253 2033 410 2083 vereretur
432 2018 548 2082 amodo
577 2021 729 2103 princeps
754 2019 873 2103 aliquis
902 2030 1013 2083 contra
1035 2019 1204 2083 ecclesiam

252 2119 434 2203 postulare?
458 2122 568 2185 Unum
584 2120 653 2184 scio
665 2120 750 2205 quod
766 2121 852 2184 salva
867 2121 1072 2203 professione,
1082 2131 1115 2184 et
1126 2122 1206 2185 citra

252 2222 368 2285 divinae
389 2223 471 2304 legis
492 2222 638 2307 injuriam
661 2244 715 2285 eas
735 2243 801 2284 non
824 2220 920 2284 modo
943 2222 1125 2305 episcopus,
1147 2222 1206 2286 sed

252 2344 313 2387 nec
330 2323 529 2387 Christianus
544 2323 661 2407 poterit
676 2344 872 2387 conservare.
917 2324 988 2387 Nec
1008 2324 1085 2387 satis
1099 2324 1206 2388 mirari

252 2444 392 2506 possum,
408 2443 471 2506 qua
486 2432 592 2486 mente
615 2422 765 2486 sacerdos
780 2444 876 2486 ausus
891 2434 940 2487 est
953 2424 1086 2488 innuere
1102 2445 1205 2488 sacer·

253 2523 322 2587 doti
345 2533 381 2586 ut
403 2524 584 2587 Siculorum
608 2525 659 2587 vel
685 2525 911 2606 Hungarorum
934 2527 1083 2609 exemplo
1108 2526 1206 2590 tantis

253 2625 461 2709 pravitatibus
486 2625 688 2689 tolerantiam
709 2625 883 2689 adhiberet.
927 2627 1020 2690 Absit
1042 2626 1105 2690 hoe
1128 2648 1204 2689 con·

253 2726 362 2790 silium
377 2745 396 2788 a
411 2726 577 2788 sanctitate
596 2724 801 2808 pontificatus
816 2726 921 2800 vestri,
938 2738 970 2790 et
991 2739 1026 2790 ut
1044 2735 1205 2791 tantarum

253 2827 461 2913 praesumptio
480 2827 670 2908 pravitatum
689 2847 857 2890 remanens
875 2827 1033 2910 impunita
1053 2848 1072 2890 a
1093 2827 1206 2892 diebus

254 2930 368 2996 vestris
382 2931 415 2992 in
432 2929 510 2992 alias
526 2938 635 2991 aetates
650 2928 692 2992 ad
707 2930 971 3011 consequentiam
987 2929 1194 3011 protrahatur.

286 3031 365 3094 Non
374 3039 483 3093 tamen
491 3029 625 3110 legatos,
637 3048 718 3111 quos
729 3027 869 3104 misistis,
881 3026 924 3090 ad
937 3012 1204 3110 compescendam

251 3132 483 3196 immanitatem
496 3129 580 3211 regis
596 3131 736 3214 populus
751 3128 852 3193 credit
865 3128 1009 3207 idoneos,
1029 3130 1104 3212 quia
1118 3129 1204 3195 idem

253 3255 313 3297 rex
337 3253 462 3315 semper
490 3231 620 3294 alterius
648 3230 827 3314 patrocinio
855 3251 931 3294 usus
961 3242 1019 3308 est,
1042 3241 1074 3295 et
1099 3231 1140 3294 de
1164 3254 1203 3296 eo

255 3333 420 3418 praesumit
433 3332 622 3416 plurimum:
645 3332 735 3409 alter,
751 3331 811 3394 etsi
826 3333 946 3395 bonam
961 3333 1078 3395 habeat
1091 3333 1203 3396 volun·

253 3447 363 3513 tatem,
377 3455 447 3498 eam
469 3455 513 3496 ex
533 3433 638 3497 causis
653 3433 747 3496 variis
764 3454 829 3495 nou
849 3443 953 3516 potest
973 3432 1150 3518 producere
1169 3435 1204 3496 in

253 3540 414 3610 effectum,
438 3535 495 3598 sed
524 3556 586 3598 nec
616 3535 764 3617 aliquem,
789 3546 824 3598 ut
850 3555 893 3597 ex
918 3534 1017 3597 animi
1046 3536 1205 3598 sententia

252 3642 377 3723 loquar,
386 3635 428 3701 ad
438 3636 500 3700 hoc
510 3634 606 3701 credo
616 3635 777 3699 idoneum.
796 3633 877 3707 Quis
888 3634 1026 3698 fructum
1034 3635 1204 3716 legationis

255 3751 407 3825 expectet
420 3739 453 3801 in
470 3747 552 3801 terra
566 3759 633 3817 sua,
652 3738 706 3800 ubi
723 3759 784 3800 nec
803 3736 956 3818 litigatori
971 3737 1022 3800 vel
1035 3734 1141 3819 judici
1162 3735 1205 3799 ad

255 3840 430 3906 dicendum
446 3838 568 3922 aliquid
588 3848 698 3902 contra
718 3859 790 3901 eum
813 3838 847 3899 in
869 3847 1026 3923 potestate
1042 3857 1099 3899 sua
1111 3838 1204 3899 locus

253 3955 303 4008 est
311 3939 528 4027 opportunus?
547 3941 622 4003 Non
633 3938 1018 4022 eredituraprudentibus
1026 3937 1204 4001 alterutrius

253 4043 354 4125 regni,
374 4039 461 4125 quod
483 4040 537 4102 ille
560 4061 654 4123 quem
677 4061 734 4102 rex
749 4061 768 4102 a
783 4036 950 4103 sanctitate
967 4048 1071 4101 vestra
1091 4036 1206 4120 petivit

254 4166 296 4207 ex
322 4143 464 4216 nomine,
489 4138 585 4203 modo
609 4141 652 4204 sit
676 4150 731 4204 aut
753 4140 818 4203 fide
844 4141 962 4224 purior,
988 4150 1043 4203 aut
1074 4138 1203 4202 caritate

254 4245 435 4321 ferventior,
450 4252 505 4306 aut
527 4242 640 4306 virtute
663 4243 869 4320 constantior,
891 4264 988 4325 quam
1011 4241 1070 4303 suit
1092 4239 1203 4320 Papiae

256 4347 338 4411 inter
360 4353 515 4427 cognatos
538 4354 570 4406 et
587 4345 709 4406 amicos
728 4354 760 4406 et
779 4356 884 4418 notos,
904 4343 957 4405 ubi
981 4341 1077 4417 siluit,
1092 4339 1203 4401 videns
