3384 5525
366 792 430 850 268
647 806 783 850 ioannis
799 804 1076 850 smnsaaarausrs
1227 787 1270 865 [A.
1288 806 1318 850 o.

363 978 445 1040 quos
460 969 623 1042 suspectos
639 954 816 1030 habuerim,
832 969 1003 1040 antequam
1019 954 1060 1017 de
1076 976 1174 1040 regno
1188 967 1315 1030 exeant,

359 1058 471 1142 jurent
496 1058 582 1144 quod
607 1060 639 1122 in
665 1057 779 1121 itinere
804 1056 862 1119 illu
887 1080 945 1121 nec
970 1057 1089 1121 malum
1118 1078 1238 1130 meum,
1262 1078 1317 1118 nec

365 1158 503 1223 dedecus
519 1160 605 1244 regni
623 1160 682 1223 mei
700 1159 900 1245 perquirent:
924 1171 955 1223 et
972 1158 1057 1243 quod
1074 1157 1318 1222 consuetudines

365 1282 438 1345 quae
454 1274 595 1345 ternpore
610 1284 681 1324 meo
696 1272 806 1325 contra
817 1260 963 1324 ecclesias
978 1273 1070 1324 terrae
1086 1283 1164 1325 meae
1179 1259 1318 1323 inductae

365 1374 439 1425 sunt
462 1360 642 1426 dimittam:
673 1384 752 1446 quas
775 1361 904 1447 quidem
928 1373 985 1425 aut
1008 1383 1125 1447 paucas
1143 1373 1200 1423 aut
1217 1360 1318 1423 nullas

368 1464 509 1527 aestimo:
540 1478 570 1527 et
595 1462 682 1548 quod
707 1462 916 1547 possessiones
935 1465 1028 1527 Cant.
1044 1461 1182 1526 ecclesiae
1203 1461 1228 1524 si
1249 1485 1319 1545 quae

365 1564 481 1629 ablatae
504 1583 578 1630 sunt
599 1565 691 1652 plene
714 1565 890 1642 restituam,
914 1566 995 1629 sicut
1019 1564 1131 1629 babuit
1155 1586 1217 1627 nno
1237 1586 1318 1627 anno

365 1677 536 1750 antequam
549 1666 805 1749 archiepiscopus
816 1664 857 1727 de.
870 1664 985 1749 Anglia
996 1665 1210 1748 egrederetur.
1249 1663 1319 1728 Cle-

365 1765 437 1828 riuis
454 1780 605 1850 praeterea
627 1777 659 1828 et
678 1764 762 1827 laicis
783 1766 950 1851 utriusque
974 1788 1066 1829 sexus
1088 1785 1197 1851 pacem
1218 1786 1317 1827 meam

364 1881 396 1932 et
412 1868 620 1953 possessiones
631 1890 704 1931 suas
719 1868 896 1943 restituam,
908 1868 963 1953 qni
979 1868 1139 1931 occasione
1151 1867 1319 1953 praenomi·

365 1970 430 2033 nati
446 1969 673 2056 archiepiscopi
689 1970 836 2034 destituti
858 1970 1001 2035 fuerunt.
1048 1972 1092 2034 Et
1109 1970 1169 2033 hoc
1185 1970 1262 2034 mibi
1278 1993 1316 2032 ex

364 2083 455 2156 parte
480 2071 599 2135 domini
625 2094 718 2158 papae
743 2072 775 2134 in
799 2072 1011 2134 remissionem
1039 2072 1181 2136 omnium
1208 2095 1316 2157 pecca·

364 2189 469 2236 torum
493 2171 700 2258 injunxerunt
724 2170 968 2235 observandum.
1014 2174 1086 2256 Ego
1109 2184 1217 2233 autem
1243 2193 1318 2255 pace

363 2273 533 2335 reformata
567 2273 674 2337 statim
705 2275 735 2334 in
773 2270 923 2354 Angliam
956 2272 1120 2350 venissem,
1150 2270 1209 2335 nisi
1245 2270 1319 2356 quia

365 2373 493 2436 Domini
504 2370 1318 2459 legatioolloquiumhabiturisuntapudCadomum

363 2472 415 2535 die
428 2475 543 2538 Martis
557 2475 703 2560 proxima
719 2487 791 2559 post
805 2474 1016 2537 ascensionem
1034 2474 1172 2539 Domini.
1209 2475 1315 2550 Quum

362 2590 468 2638 autem
486 2574 619 2652 rediero,
636 2597 690 2637 vos
706 2573 783 2636 mihi
800 2574 907 2637 statim
929 2595 1093 2637 occurrere
1109 2596 1170 2637 non
1187 2588 1317 2659 praeter-

364 2688 507 2740 mittatis.

388 2954 529 3018 EPIST.
554 2954 983 3019 CCCX.-saarnotonrar
999 2972 1097 3017 oxon.
1114 2971 1158 3015 ar
1175 2969 1297 3014 nocam

412 3075 555 3120 rr'roonn.
574 3076 615 3119 An
631 3075 859 3119 cinnamonum
877 3076 995 3120 earnm.
1044 3055 1129 3135 [an.
1150 3053 1258 3132 1171.]

365 3249 576 3311 Sanctissimo
594 3251 728 3312 Domino
744 3259 773 3312 et
789 3251 887 3314 Patri
901 3253 1067 3314 carissimo
1081 3250 1121 3313 A.
1131 3252 1197 3315 Dei
1208 3254 1319 3332 gratia

405 3371 526 3411 srrmmo
552 3353 703 3432 Pontficr'
729 3353 769 3414 B.
796 3353 907 3418 Emori.
938 3362 968 3416 et
999 3355 1037 3417 R.
1077 3355 1213 3437 Wr‘qorn.
1241 3355 1320 3418 dicti

408 3452 572 3531 Episcopi,
589 3458 618 3512 et
639 3453 672 3513 C.
689 3452 792 3514 dictur
812 3454 917 3519 Abbue
933 3456 1158 3519 Fauersumert.
1182 3460 1319 3521 salutem

405 3560 434 3614 et
449 3572 570 3614 omnem
582 3572 654 3613 cum
669 3575 794 3617 summa
809 3556 968 3621 devotione
980 3558 1197 3622 obedientium.

406 3697 644 3756 Arosronnws
661 3693 756 3756 vestri
779 3695 966 3761 mandatum
990 3699 1200 3784 suscepimus,
1216 3714 1254 3765 ut
1276 3700 1316 3764 ad

366 3791 589 3856 monasterium
619 3794 718 3857 sancti
742 3797 915 3881 Augustini
939 3800 1178 3865 cantuariensis
1201 3802 1319 3886 pariter

361 3891 545 3956 accedentes
558 3893 725 3978 diligenter
737 3896 979 3983 inquireremus
991 3923 1030 3964 an
1042 3923 1116 3965 vera
1127 3917 1232 3966 essent
1244 3926 1319 3989 quae

363 3992 403 4056 de
426 3992 654 4077 dilapidatione
676 3997 832 4061 bonorum
855 3999 1003 4078 ecclesiae,
1020 4015 1052 4066 et
1075 4005 1319 4069 enormitatibus

365 4096 402 4161 C.
418 4095 520 4170 electi,
537 4111 568 4160 et
584 4097 789 4163 dissolutione
804 4101 935 4179 ordinis,
951 4117 983 4166 et
1002 4105 1207 4169 subversione
1223 4107 1320 4171 bona-

363 4220 435 4261 rum
454 4198 731 4275 consuetudinum,
747 4217 778 4265 et
802 4203 872 4266 aliis
895 4203 984 4268 malis
1007 4229 1080 4291 quae
1102 4230 1142 4270 ex
1165 4230 1320 4292 conques-

364 4299 448 4364 tione
478 4315 652 4366 conventus
689 4325 746 4388 per
781 4306 923 4390 ejusdem
959 4307 1050 4373 electi
1086 4308 1240 4374 incuriam
1272 4311 1322 4374 vel

362 4401 513 4466 malitiam
530 4403 710 4489 provenisse
725 4406 907 4484 audieratis,
923 4421 954 4472 et
972 4412 1197 4476 monasterium
1214 4412 1319 4497 ipsum
