3384 5525
245 771 350 854 lita]
620 788 797 838 EPISTOLAE.
1132 781 1195 843 278

240 944 433 1023 effuderunt,
442 956 474 1007 et
491 943 605 1008 iterum
618 943 657 1006 ad
669 966 741 1005 eum
758 947 872 1008 reversi
885 957 969 1024 sunt,
984 952 1196 1013 communica-

239 1060 360 1123 verant,
383 1046 476 1112 inviti
493 1059 610 1123 tamen,
627 1045 680 1109 sed
697 1043 827 1109 domino
847 1070 917 1122 suo,
935 1071 1031 1132 quem
1048 1061 1084 1112 ut
1099 1049 1198 1114 abba-

239 1160 300 1211 tem
325 1147 572 1224 venerabantur,
597 1163 628 1212 et
652 1146 806 1212 timebant
832 1161 869 1212 ut
890 1150 1078 1215 familiarem
1101 1152 1197 1235 ragis,

238 1249 355 1312 eisdem
371 1249 476 1334 palam
500 1249 748 1312 communicanti
772 1250 915 1314 resistere
937 1274 1001 1314 non
1023 1253 1195 1317 audebant.

241 1352 307 1415 Nos
330 1364 450 1429 autem,
478 1363 647 1436 pensantes
671 1351 877 1415 contritiones
901 1352 1005 1416 cordis
1029 1377 1138 1417 eorum
1165 1369 1197 1419 et

239 1450 434 1515 necessitatis
448 1451 610 1540 articulos,
622 1463 654 1514 et
670 1450 710 1512 de
722 1465 828 1514 vestra
840 1450 970 1536 quidem
984 1452 1199 1518 misericordia

240 1567 479 1639 praesumentes,
502 1552 581 1638 ipsis
609 1552 640 1614 in
668 1551 897 1616 sustentatione
923 1553 1061 1616 ecclesiae
1085 1574 1199 1618 vestrae

241 1654 399 1718 modicam
425 1652 624 1739 injunximus
652 1652 887 1738 poenitentiam,
915 1669 946 1718 et
979 1678 1077 1739 quam
1107 1655 1199 1721 licuit

240 1756 367 1820 interim
381 1754 578 1819 contulimus
590 1753 834 1834 absolutionem,
849 1769 997 1841 rogantes
1010 1770 1046 1821 ut
1057 1757 1082 1821 si
1095 1756 1199 1843 placet

240 1857 454 1944 praescribatis
478 1854 557 1941 quid
580 1855 624 1919 eis
650 1855 788 1941 amplius
810 1856 1044 1942 injungendum
1069 1858 1118 1923 sit.
1165 1859 1199 1924 Si

239 1958 370 2044 quidem
386 1962 554 2022 necessitas
567 1957 718 2035 ecclesiae,
730 1972 762 2023 et
778 1959 927 2024 meritum
941 1961 1089 2046 martyris
1104 1961 1199 2024 vehe-

242 2075 364 2126 menter
378 2059 534 2146 exposcit,
551 2074 587 2123 ut
604 2074 667 2125 tam
685 2060 786 2126 sicarii
802 2063 860 2148 qui
879 2063 1053 2150 pretiosum
1071 2064 1199 2150 sangui-

242 2185 313 2227 nem
338 2161 534 2236 effuderunt,
560 2185 657 2247 quam
681 2164 851 2250 complices
874 2178 905 2229 et
928 2166 1070 2231 fautores
1090 2189 1199 2232 eorum

242 2266 374 2351 gravius
403 2266 587 2351 puniantur,
619 2278 655 2330 ut
685 2265 811 2329 illorum
842 2290 937 2352 poena
966 2281 1082 2333 terreat
1112 2270 1200 2334 aliua.

245 2370 318 2432 Hoc
334 2382 441 2433 autem
453 2368 673 2432 indubitanter
684 2369 808 2432 noverit
824 2370 976 2433 serenitas
992 2384 1097 2435 vestra
1113 2371 1201 2457 quod

244 2470 440 2556 quicumque
456 2470 531 2534 huic
546 2470 749 2534 reformando
763 2492 892 2554 operam
908 2468 1045 2548 dederit,
1057 2472 1203 2537 inimicus

248 2574 310 2638 Dei
325 2587 357 2638 et
371 2574 510 2637 ecclesiae
526 2573 696 2636 subversor
710 2571 859 2635 credetur
870 2572 903 2634 in
919 2572 1034 2635 nostris
1045 2574 1202 2657 partibus.

274 2899 504 2964 EPISTOLA
529 2898 769 2964 ccciii-n>
783 2916 937 2961 aunuum.
958 2899 1043 2977 [run.
1064 2894 1172 2976 ilva]

509 3032 652 3093 Domino
667 3032 770 3112 Pupae
783 3032 936 3094 Joonnea.

291 3170 322 3230 A
336 3184 472 3228 Frnrssus
484 3177 577 3228 terrae
588 3163 627 3225 ad
640 3185 695 3227 vos
705 3163 820 3229 clamat
829 3165 1006 3250 Anglicana
1015 3164 1154 3240 ecclesia,
1167 3178 1201 3232 ut

250 3263 440 3333 miserabilis
463 3263 548 3330 illius
571 3264 721 3342 ecclesiae,
737 3289 812 3351 quae
834 3289 902 3352 prae
917 3267 1040 3331 caeteris
1058 3269 1205 3334 omnibus

248 3376 281 3436 in
305 3368 451 3455 partibus
473 3367 645 3431 occidentis
669 3367 805 3431 fundata
827 3382 859 3433 et
882 3369 1017 3435 solidata
1039 3369 1070 3433 in
1091 3394 1204 3437 cruore

249 3484 424 3555 martyrum
441 3470 539 3533 crevit
553 3482 584 3534 et
601 3469 733 3534 dilatata
743 3482 790 3536 est
806 3469 838 3533 in
856 3470 950 3535 variis
959 3472 1116 3556 agonibus
1130 3497 1204 3537 con-

246 3573 417 3644 fessorum,
433 3570 584 3634 minuatis
599 3569 771 3654 angustias,
787 3583 820 3635 et
835 3570 971 3636 electum
987 3594 1091 3654 suum,
1106 3597 1202 3658 quem

249 3677 428 3759 legatorum
459 3685 635 3735 vestrorum
668 3681 860 3756 procurante
888 3671 1047 3736 industria
1077 3674 1205 3737 tandem

252 3774 401 3852 obtinuit,
421 3772 573 3858 jubeatis,
592 3785 722 3856 accepta
737 3776 969 3837 consecratione
985 3774 1091 3858 vigere
1106 3775 1206 3861 pleni-

251 3878 363 3943 tudine
383 3875 562 3961 potestatis.
607 3876 727 3937 Petunt
750 3874 809 3936 boc
832 3875 974 3960 episcopi
999 3888 1031 3939 et
1052 3876 1203 3943 abbates:

251 3981 333 4067 petit
350 3978 449 4041 clerus
464 3987 496 4040 et
513 3976 661 4061 populus,
685 3999 821 4062 quorum
839 3977 920 4042 votis
935 3989 967 4041 et
982 3977 1114 4043 vocibus
1128 4001 1207 4045 meae

249 4080 419 4170 parvitatis
434 4101 496 4143 non
512 4091 559 4142 est
577 4079 626 4141 fas
640 4079 749 4142 abesse
771 4079 968 4164 suffragium.
1013 4084 1059 4144 Et
1076 4081 1206 4165 quidem

252 4182 415 4247 electionis
435 4203 502 4244 suae
521 4180 656 4243 formam
671 4181 740 4264 ipsa
760 4192 862 4244 mater
876 4203 946 4243 mea
963 4181 1056 4243 Cant.
1080 4177 1210 4241 ecclesia

253 4283 367 4348 litteris
382 4282 446 4346 suis
461 4280 550 4344 vobis
566 4280 746 4345 luculenter
767 4283 933 4365 expressit,
949 4301 1022 4362 quae
1044 4292 1108 4342 tarn
1125 4280 1208 4362 epis·

255 4407 407 4470 coporum
423 4405 521 4470 quam
542 4403 651 4445 eorum
669 4381 723 4466 qui
745 4379 786 4443 ad
809 4379 987 4445 vacantium
1010 4378 1209 4443 ecclesiarum

306 4507 378 4552 VOL.
398 4506 435 4549 11.
736 4502 756 4544 T
