3384 5525
371 771 434 830 ‘236
639 782 775 827 Joxnrus
790 779 1068 824 sanasnaruansrs
1228 760 1272 839 [x.
1289 780 1322 824 o.

371 935 531 997 Praeterea
560 931 718 996 desiderat
741 943 777 995 nt
803 953 870 996 suae
895 928 1071 994 reddantur
1096 930 1264 995 Auxitano
1289 946 1320 996 et

370 1034 612 1119 Burdegalensi,
627 1035 703 1119 quia
722 1045 753 1096 et
769 1056 873 1097 causae
889 1033 1039 1118 prodesse
1054 1032 1184 1118 poterit,
1200 1045 1231 1096 et
1252 1055 1322 1117 per·

370 1136 551 1220 sequutoris
571 1139 711 1198 minnere
736 1134 825 1214 vires,
851 1133 876 1196 si
903 1133 934 1196 in
964 1134 1146 1197 Gnasconia
1175 1134 1320 1198 auditum

368 1236 466 1301 fuerit
482 1250 597 1301 terram
614 1237 683 1321 ejus
697 1235 869 1299 interdicto
880 1234 1107 1319 subjiciendam
1124 1258 1201 1299 esse.
1238 1236 1319 1299 Nam

369 1337 409 1401 ad
425 1335 824 1422 Bituricensem,quiequid
838 1335 878 1399 de
887 1336 1010 1420 guerris
1019 1337 1321 1422 contingat‚semper

367 1439 489 1505 facilior
516 1439 724 1525 probabiliter
754 1451 901 1523 speratur
931 1461 1084 1503 accessus.
1136 1440 1180 1502 Et
1213 1438 1321 1501 merni-

369 1541 480 1607 neritis
509 1554 665 1625 qnantum
695 1538 873 1626 perieulum
903 1552 935 1602 et
970 1538 1182 1605 infortunium
1212 1538 1252 1603 ad
1290 1562 1321 1603 se

370 1643 502 1705 traxerit
522 1664 609 1706 mora
623 1642 808 1726 porrigendi
821 1640 1075 1704 conventionales
1087 1640 1321 1727 archiepiscopo

370 1743 620 1827 Rothomagensi
643 1742 669 1805 ei
693 1742 844 1829 episcopo
869 1740 1071 1816 Nivernensi,
1096 1755 1128 1806 et
1150 1742 1227 1806 item
1250 1766 1321 1827 pro·

369 1842 535 1906 bibitorias
551 1843 745 1906 Eboracensi
760 1843 995 1929 archiepiscopo
1011 1857 1043 1907 et
1058 1843 1212 1929 episcopis
1224 1856 1320 1908 trans·

369 1943 507 2008 marinis.
554 1942 622 2008 Nec
645 1944 790 2009 dixeritis
812 1968 888 2030 quae
909 1960 1125 2029 provenerunt
1148 1945 1237 2010 vobis
1260 1967 1320 2009 non

368 2044 466 2111 fuisse
478 2046 640 2131 praedicta,
651 2046 704 2109 sed
715 2046 823 2132 potius
834 2046 921 2132 quod
935 2051 1076 2114 omnium
1087 2047 1320 2132 auspicantium

369 2168 468 2226 more,
484 2147 689 2213 subtilitatem
707 2161 842 2211 vestram
860 2147 1008 2213 vaticinia
1030 2171 1104 2232 quae
1122 2171 1183 2212 non
1200 2164 1289 2215 erant
1304 2174 1322 2213 a

368 2247 483 2332 spiritu
517 2248 714 2312 deluserunt.
782 2251 915 2314 Utinam
951 2271 1013 2312 non
1050 2249 1091 2313 sit
1126 2249 1319 2336 deceptionis

369 2348 467 2435 hujus
481 2350 612 2413 morbus
634 2350 868 2435 irreparabilis:
893 2350 948 2415 sed
964 2350 1024 2415 nisi
1042 2350 1170 2415 coelitus
1192 2350 1265 2416 data
1280 2351 1319 2415 sit

369 2451 519 2514 relevatio
548 2474 602 2516 seu
626 2452 799 2516 consolatio
820 2474 883 2515 non
906 2451 1053 2517 occurrit.
1115 2453 1162 2516 Et
1192 2452 1318 2540 quidem

369 2565 464 2628 recte,
492 2564 528 2615 ut
554 2552 703 2629 arbitror,
720 2576 821 2637 quum
838 2576 895 2618 nos
918 2553 1013 2618 alieni
1036 2552 1152 2637 ingenii
1168 2553 1321 2639 imagina-

369 2650 511 2715 tionibus
527 2651 615 2714 vanis
630 2674 896 2735 praesumeremus
911 2653 1054 2717 evolvere
1069 2654 1174 2717 cordis
1189 2654 1320 2720 humani

367 2750 514 2826 latebras,
533 2775 666 2839 quarum
683 2751 769 2817 solus
782 2753 999 2819 Deusarbiter
1010 2769 1067 2819 est.
1113 2754 1200 2833 Quid
1212 2780 1320 2841 quaeso

367 2858 468 2939 magis
484 2854 695 2930 temerarium,
710 2869 766 2919 aut
790 2856 822 2918 in
848 2856 965 2935 Deum,
991 2857 1047 2941 qui
1064 2857 1126 2920 hoc
1148 2857 1321 2943 singularis

367 2956 546 3020 eminentiae
561 2955 728 3042 privilegio
751 2955 910 3034 vendicat,
926 2958 1111 3042 injuriosius
1127 2971 1175 3022 est
1191 2962 1205 3020 ?
1236 2962 1319 3023 Nam

367 3081 399 3121 se
414 3059 519 3144 ipsum
535 3081 638 3136 nosse,
654 3062 749 3123 etiam
765 3057 923 3142 Apollinis
938 3060 1067 3123 oraculo
1083 3082 1238 3124 summam
1254 3083 1321 3124 esse

366 3159 554 3243 sapientiam
577 3159 657 3222 adeo
676 3158 809 3223 celebris
830 3172 878 3223 est
902 3162 1058 3224 sententia
1080 3160 1167 3247 apud
1184 3159 1320 3245 pbiloso-

365 3256 457 3342 phos‚
474 3271 510 3323 ut
533 3259 561 3321 ei
584 3282 677 3323 nemo
703 3273 848 3324 veterum
872 3284 969 3324 ausus
995 3261 1036 3325 sit
1061 3262 1224 3345 refragari.
1269 3265 1321 3326 De

365 3357 446 3420 coelo
464 3362 489 3423 si
513 3358 643 3443 quidem
664 3362 713 3444 (ut
735 3363 840 3443 aiunt)
859 3361 1020 3426 descendit
1046 3362 1128 3448 γνῶθι
1139 3362 1271 3447 Ισεαυτὸν,
1288 3361 1321 3424 id

367 3471 414 3521 est
441 3459 529 3522 Scito
561 3471 592 3522 te
615 3459 730 3544 ipsum.
777 3462 860 3538 Quia
883 3486 960 3548 ergo
982 3463 1033 3526 hic
1056 3463 1194 3528 bumana
1216 3463 1324 3528 deficit

365 3572 397 3624 et
413 3559 555 3645 angelica
570 3573 699 3625 eatenus
725 3585 786 3625 non
814 3566 956 3650 attingit,
986 3565 1052 3629 sola
1079 3565 1139 3630 Dei
1166 3566 1321 3651 sapientia

364 3674 411 3725 est
428 3685 501 3747 quae
517 3662 646 3727 consilia
661 3675 693 3726 et
714 3665 933 3749 cogitationes]
949 3667 1113 3731 bominum
1128 3690 1190 3730 non
1207 3669 1319 3752 imagi·

364 3765 492 3826 natione
506 3763 677 3828 fantastica
689 3767 817 3851 conjicit
834 3767 887 3830 sed
900 3768 982 3833 sicut
994 3782 1070 3833 suut
1087 3791 1319 3854 usquequaque

363 3863 534 3945 cognoscit.
580 3864 747 3930 Vaticiniis
762 3890 839 3953 ergo
854 3870 1078 3934 renunciemus
1095 3873 1126 3933 in
1144 3887 1319 3955 posterum,

362 3966 440 4047 quia
455 3987 513 4029 nos
531 3968 563 4029 in
579 3966 638 4030 bac
656 3981 747 4051 parte
768 3973 900 4053 gravius
910 3972 1085 4035 infortunia
1100 3970 1316 4056 perculerunt.

363 4064 425 4140 Qui
440 4065 535 4129 corda
551 4067 654 4147 finxit,
669 4068 724 4146 illa
733 4071 910 4136 examinet:
940 4090 996 4137 nos
1008 4072 1085 4158 quid
1102 4071 1187 4138 domi
1200 4086 1317 4136 nostrae

361 4165 402 4227 sit
418 4165 626 4250 exploremus.
