3384 5525
363 768 473 841 lma]
754 786 930 831 umsrotn.
1257 779 1320 837 219

362 958 427 1021 quo
461 934 547 1021 juris
576 934 687 999 ordine
725 936 962 1001 Cantuariensis
999 942 1320 1007 excommunicaverit

362 1042 529 1124 episcopos
551 1051 583 1102 et
605 1038 684 1103 alios
709 1062 771 1103 non
794 1040 956 1104 convictos
979 1040 1020 1103 de
1043 1041 1174 1105 crimine
1196 1065 1251 1106 seu
1279 1042 1320 1107 de

363 1144 575 1221 contumacia,
594 1163 651 1204 nec
674 1140 844 1216 confessos,
868 1139 923 1202 sed
945 1163 1002 1204 nec
1024 1141 1137 1205 citatos
1160 1142 1267 1222 semel,
1288 1157 1320 1209 et

362 1242 451 1329 quod
467 1242 598 1327 gravius
614 1255 662 1307 est
677 1256 751 1329 post
765 1241 1024 1327 appellationem:
1053 1244 1230 1309 mirandum
1248 1246 1321 1330 qui-

363 1344 437 1407 dem
463 1357 546 1407 esset
573 1345 599 1407 si
627 1346 668 1409 de
691 1344 826 1408 veritate
853 1344 1050 1429 querimonia
1074 1348 1243 1427 niteretur,
1265 1348 1321 1411 sed

363 1468 455 1511 secus
469 1458 537 1520 est3
564 1446 715 1532 quoniam
738 1467 836 1531 opera
857 1468 966 1509 eorum
991 1470 1052 1510 non
1078 1447 1172 1510 modo
1187 1470 1319 1533 praeces·

363 1558 473 1612 serunt
502 1547 544 1611 ad
574 1546 747 1633 judicium,
782 1545 837 1609 sed
868 1547 900 1610 in
937 1571 970 1612 se
1005 1550 1099 1634 quasi
1134 1550 1258 1633 pigram
1288 1562 1321 1614 et

320 1643 323 1648 ¹
363 1650 545 1713 tardantem
579 1649 876 1713 condemnationem
914 1650 1148 1734 provocabant:
1190 1663 1223 1715 et
1257 1673 1319 1714 non

365 1764 491 1816 tautum
508 1773 609 1837 quum
625 1749 815 1836 oportuerit,
827 1750 868 1813 ab
884 1750 1067 1815 bominibus
1082 1750 1319 1832 convincentur,

365 1852 420 1917 sed
439 1850 558 1917 clamat
580 1864 690 1916 contra
710 1873 763 1914 eos
785 1849 901 1913 coelum
925 1862 957 1914 et
980 1862 1081 1913 terra:
1113 1850 1199 1913 unde
1221 1862 1253 1914 et
1275 1851 1321 1915 eis

365 1952 589 2041 appellationis
622 1951 800 2016 subsidium
834 1974 853 2014 a
890 1949 1036 2015 Romano
1068 1951 1217 2037 pontifice
1247 1953 1321 2037 jure

366 2056 566 2119 subtractum
582 2065 648 2116 est:
680 2064 713 2116 et
728 2051 967 2137 archiepiscopo
982 2050 1014 2113 in
1037 2052 1142 2137 ipsum
1166 2074 1273 2136 regem
1288 2066 1320 2118 et

366 2178 503 2240 regnum
529 2166 561 2218 et
586 2175 736 2256 personas
762 2152 853 2237 regni
879 2151 995 2215 collata
1023 2152 1126 2237 plenae
1155 2153 1322 2237 potestatis

365 2257 542 2322 auctoritas
567 2255 608 2319 ad
634 2277 759 2318 omnem
785 2254 1032 2317 inobedientiam
1062 2254 1268 2340 puniendam,
1289 2269 1322 2321 et

365 2358 584 2445 reprimendos
597 2355 736 2419 ecclesiae
751 2354 979 2434 malefactores
995 2368 1026 2419 et
1043 2379 1128 2421 suos.
1172 2357 1322 2421 Procedit

365 2484 442 2547 ergo
472 2458 655 2545 apostolicae
683 2457 767 2521 sedis
803 2458 947 2522 munitus
975 2457 1121 2522 consilio:
1161 2473 1192 2523 et
1223 2482 1324 2546 nuper

365 2561 502 2648 receptis
531 2559 669 2647 propriis
698 2559 821 2624 nunciis
854 2570 886 2623 et
921 2558 1036 2622 litteris
1070 2559 1193 2624 domini
1228 2583 1321 2647 papae

366 2687 499 2730 securus
514 2664 619 2728 factus
634 2675 694 2739 est,
709 2663 797 2749 quod
813 2686 851 2726 ea
873 2686 947 2748 quae
964 2663 1112 2727 statuerit
1134 2685 1196 2728 non
1219 2676 1323 2728 muta-

365 2770 499 2834 buntur.
544 2767 810 2852 Archiepiscopus
833 2778 938 2830 tamen
965 2779 1096 2852 paratus
1122 2780 1168 2831 est
1197 2789 1322 2832 excom-

366 2871 545 2936 municatos
579 2869 651 2933 illos
680 2868 856 2944 absolvere,
886 2867 1059 2931 secundum
1090 2867 1322 2931 institutionem

367 2987 497 3061 patrum
524 2984 556 3037 et
586 2970 724 3036 ecclesiae
748 2970 894 3044 formam,
919 2973 946 3034 si
976 2970 1183 3055 poenituerint
1210 2969 1321 3033 fructu

364 3075 542 3159 condigno:
575 3077 692 3138 sivero
713 3073 745 3136 in
768 3096 805 3136 ea
828 3096 901 3158 quaa
924 3086 1089 3158 coeperunt
1112 3071 1322 3151 contumacia,

366 3177 458 3263 quod
481 3176 578 3254 absit,
592 3174 745 3240 duxerint
767 3173 1013 3260 persistendum,
1028 3173 1096 3258 ipse
1118 3172 1185 3236 vita
1206 3172 1322 3237 comite

368 3278 519 3365 procedet
536 3276 688 3342 ulterius:
712 3299 768 3339 nec
785 3287 858 3340 ante
874 3287 1005 3361 reponet
1021 3274 1163 3359 gladium
1181 3274 1321 3359 Spiritus

368 3381 402 3445 iu
422 3379 571 3465 vaginam
593 3401 690 3465 quam
714 3392 799 3443 terra
820 3390 979 3462 purgetur
1002 3400 1021 3440 a
1043 3380 1140 3442 tantis
1161 3376 1322 3440 abomina-

368 3478 520 3547 tionibus.
576 3485 661 3545 Nam
687 3479 719 3543 in
746 3480 896 3544 infectum
924 3490 955 3542 et
984 3490 1167 3542 concretum
1193 3477 1322 3563 pulvere

370 3585 487 3670 septies
502 3606 612 3648 mucro
627 3583 830 3668 stringendus
846 3594 906 3660 est,
922 3596 959 3645 ut
976 3581 1068 3666 Syria
1083 3592 1275 3646 conteratur.

414 3686 510 3764 Quod
547 3697 666 3763 autem,
699 3706 735 3749 ut
773 3685 876 3760 aiunt,
915 3683 1116 3767 Reginaldus
1153 3681 1322 3749 archidiac.

366 3788 496 3875 jactitat
519 3786 604 3872 quod
624 3787 657 3850 hi
672 3785 780 3849 nuncii
802 3785 923 3848 domini
946 3807 1038 3870 papae
1061 3806 1169 3847 omnes
1191 3797 1323 3850 conatus

370 3903 402 3955 et
417 3889 505 3954 iacta
527 3887 755 3973 archiepiscopi
778 3886 951 3972 apostolica
973 3889 1163 3950 auctoritate
1189 3909 1323 3952 evacua-

371 3992 465 4070 bunt,
494 3991 556 4077 ipsi
590 3991 682 4077 plane
711 3988 902 4064 diffitentur,
932 4001 1105 4052 asserentes
1134 4010 1207 4052 cum
1236 3990 1324 4074 jura-

371 4104 478 4156 mento
508 4090 595 4176 quod
625 4093 657 4155 in
687 4087 888 4174 dispendium
919 4087 1146 4174 archiepiscopi
1176 4088 1254 4152 nihil
1283 4114 1323 4154 ex

370 4193 536 4278 proposito
557 4193 686 4272 t'acient,
708 4190 761 4255 sed
785 4213 842 4253 nec
864 4189 966 4253 facere
989 4201 1133 4275 possunt,
1157 4190 1212 4252 sed
1237 4191 1323 4254 utili-

372 4306 470 4358 tatem
487 4295 555 4380 ejus
570 4307 602 4359 et
617 4295 769 4357 honorem
785 4290 924 4355 ecclesiae
947 4292 1204 4377 quibuscumque
1222 4288 1324 4352 modis

370 4396 546 4461 secundum
567 4398 672 4461 Deum
692 4408 842 4480 poterunt
857 4394 1085 4477 procurabunt.
1132 4394 1176 4455 Et
1193 4390 1323 4477 quidem
