3384 5525
375 800 485 879 noa]
762 818 942 861 anismam.
1267 804 1329 861 215

370 967 486 1031 borum
502 979 533 1031 et
548 967 692 1053 judicem
708 968 833 1043 invoco,
850 968 1002 1053 imputari
1017 990 1078 1031 non
1095 966 1220 1045 debeat,
1235 967 1261 1030 si
1277 990 1326 1031 me

371 1068 512 1133 salubria
526 1070 742 1135 consulentem
759 1068 976 1152 dedignantur
991 1070 1110 1135 audire.

386 1436 609 1501 EPISTOLA
632 1437 853 1501 ccxc-u>
868 1455 1077 1499 wmnuLMum
1093 1455 1310 1499 sunramnuu

564 1558 859 1603 cauruarunusuu.
915 1538 959 1618 [a.
974 1557 1003 1599 n.
1020 1539 1127 1618 Ilua]

590 1722 743 1786 Willalmo
758 1724 932 1805 Subpriori
949 1725 1112 1787 Cantator.

411 1847 720 1937 L1car‘communis
742 1884 835 1960 pater
857 1884 963 1937 noster
985 1888 1019 1936 et
1040 1870 1189 1937 dominus
1212 1871 1325 1954 magis·

367 1982 418 2037 tra
443 1972 575 2038 caritate
593 1974 742 2039 didicerit
763 1975 927 2039 abundare
950 1985 983 2039 et
1004 1973 1171 2060 penuriam
1193 1973 1270 2059 pati,
1293 1985 1326 2039 et

367 2072 490 2161 ubique
513 2086 548 2138 et
572 2074 606 2139 in
630 2076 790 2153 omnibus,
818 2076 850 2139 in
882 2076 999 2163 quibus
1028 2087 1087 2158 est,
1115 2097 1173 2161 pro
1201 2074 1328 2140 Christo

368 2175 527 2241 sufficiens
549 2199 635 2244 esse:
666 2177 792 2261 gaudeo
815 2189 924 2242 tamen
947 2188 1076 2263 propter
1095 2187 1140 2254 te,
1155 2176 1241 2263 quod
1257 2188 1328 2241 tan·

366 2277 442 2343 dem
465 2278 638 2367 aliquando
657 2280 934 2367 qualitercumque
956 2278 1069 2343 caritas
1097 2289 1152 2342 tua
1175 2278 1328 2360 refloruit,

367 2390 401 2445 et
414 2380 534 2446 indicio
556 2383 660 2469 operis
674 2383 820 2470 quamvis
842 2404 923 2462 sero,
940 2394 973 2446 et
987 2380 1114 2446 modico
1128 2381 1215 2467 prius
1230 2404 1328 2467 appa-

365 2492 502 2561 rentem,
517 2483 677 2548 convincit
697 2483 748 2548 vel
768 2483 909 2548 tenuiter
930 2483 1037 2547 vivere
1059 2481 1167 2559 fidem,
1184 2504 1258 2568 quae
1276 2485 1327 2569 (ut

366 2583 463 2667 noeti)
480 2595 562 2649 teste
576 2586 697 2651 Jacobo
712 2586 781 2651 sine
796 2587 946 2672 operibus
962 2596 1089 2651 mortua
1104 2596 1161 2649 est.
1198 2585 1241 2651 Et
1256 2585 1328 2672 qui·

365 2686 441 2752 dem
452 2688 508 2752 ille
523 2690 645 2755 nullam
655 2691 810 2755 hactenus
823 2702 880 2756 aut
890 2689 1056 2755 honestam
1069 2688 1224 2754 duntaxat
1235 2689 1327 2754 susti·

364 2788 437 2856 nuit
457 2802 681 2877 paupertatem
697 2793 770 2857 Deo
793 2803 994 2878 temperante
1015 2790 1154 2875 flagella,
1173 2803 1206 2855 et
1221 2813 1327 2877 perse-

365 2892 536 2979 quutiones
557 2893 726 2960 hominum
749 2908 787 2961 ut
814 2895 995 2960 tolerabiles
1012 2894 1076 2958 sint
1092 2892 1249 2974 fidelibus,
1263 2893 1328 2957 cle·

364 2994 506 3060 mentius
521 2996 700 3082 mitigante,
717 2999 773 3062 sed
792 2998 833 3063 ad
856 2997 967 3062 horam
983 3005 1158 3080 temptatus
1180 3004 1228 3058 est
1243 3004 1279 3058 ut
1294 3018 1328 3059 se

364 3095 492 3182 plenius
505 3111 702 3182 agnosceret,
718 3112 753 3165 et
775 3100 902 3187 planius
920 3098 1133 3163 innotesceret
1146 3095 1278 3179 mundo,
1293 3106 1328 3162 et

364 3196 399 3261 in
413 3209 515 3264 tantae
530 3201 743 3268 tribulationis
758 3203 906 3288 angustia
921 3201 1019 3266 fidem
1034 3200 1208 3264 amicorum
1223 3199 1328 3264 mani-

363 3299 475 3366 festius
499 3305 747 3389 comprobraret.
793 3306 867 3371 Jam
899 3327 956 3391 per
984 3304 1093 3389 iguem
1123 3302 1267 3368 transivit
1293 3314 1327 3368 et

363 3424 493 3490 aquam,
502 3405 656 3470 vexillum
669 3406 743 3471 fidei
756 3417 789 3471 et
799 3406 935 3492 justitiae
946 3417 1020 3471 ante
1030 3426 1121 3490 reges
1130 3416 1164 3469 et
1174 3405 1326 3490 proesides
1357 3450 1362 3462 ·

362 3507 559 3573 reluctantes
582 3520 616 3574 et
637 3510 893 3576 contradicentes
916 3510 1039 3595 erigere
1054 3522 1088 3574 et
1111 3508 1250 3594 perferre
1265 3530 1327 3574 nec

365 3609 504 3687 embuit,
521 3633 581 3676 nec
596 3613 735 3698 expavit,
752 3635 811 3678 nec
832 3634 938 3700 prece,
954 3635 1015 3677 nec
1030 3612 1142 3698 pretio,
1157 3633 1217 3676 nec
1231 3611 1327 3676 minis

364 3723 420 3777 aut
434 3713 599 3807 blanditiis
613 3728 670 3782 aut
684 3715 851 3782 tormentis
870 3715 973 3800 frangi
990 3714 1040 3780 rel
1060 3713 1145 3779 flecti
1161 3714 1273 3800 potuit,
1289 3722 1327 3779 ut

364 3835 484 3879 nomen
501 3815 634 3881 Domini
653 3818 814 3899 reticeret,
829 3827 864 3882 et
886 3815 1014 3880 honoris
1028 3815 1097 3901 ejus
1119 3815 1327 3903 quantulum·

368 3936 508 4004 cumque
537 3918 741 4005 dispendium
773 3929 945 4006 pateretur.
1004 3916 1171 4005 Numquid
1200 3939 1264 3983 non
1293 3915 1327 3983 ei

365 4017 490 4084 dictum
517 4032 576 4098 est,
599 4034 634 4086 et
655 4022 722 4087 lere
744 4023 848 4088 verbis
873 4022 1004 4099 eisdem,
1027 4022 1083 4086 sed
1106 4021 1231 4086 diverso
1252 4040 1328 4108 pro·

366 4120 480 4205 posito,
512 4122 580 4187 sine
606 4145 658 4187 me
688 4133 725 4188 ut
753 4123 907 4188 honorem
937 4123 1082 4189 divinum
1108 4120 1263 4201 minuam,
1287 4124 1341 4189 αι’

368 4223 515 4289 ecclesiae
537 4224 664 4290 deleam
686 4225 879 4307 libertatem,
895 4237 929 4292 et
950 4225 1065 4292 faciam
1080 4237 1113 4290 te
1135 4243 1277 4289 crescere
1290 4221 1328 4291 in

365 4337 498 4410 gemm
527 4349 690 4412 magnam,
720 4329 798 4393 dum
828 4328 924 4393 modo
953 4326 1199 4395 eonsuetudines
1225 4322 1327 4392 eritas

366 4429 541 4513 procedere
561 4431 702 4516 patiaris,
719 4441 753 4496 et
772 4431 819 4497 eis
837 4451 903 4495 non
918 4439 1093 4516 antepones
1112 4436 1204 4493 auto
