3384 5525
278 788 387 868 lita]
657 809 837 855 urrsronn.
1164 800 1223 857 281

302 992 522 1056 EPISTOLA
546 993 962 1057 CCCXVlll.-—urusnunr
978 1015 1022 1058 Ao
1038 1014 1189 1058 nornen.

661 1100 706 1172 [A.
721 1115 751 1158 u.
770 1101 880 1174 1173]

272 1228 547 1292 Ecccllentissr‘mo
575 1233 703 1294 domino
732 1236 762 1293 et
787 1233 879 1312 patri
908 1234 1070 1294 carissimo
1100 1232 1139 1294 Α.
1164 1230 1228 1293 Dei

312 1332 425 1409 gratia
450 1352 572 1394 summo
596 1334 753 1415 pontiflci,
777 1333 819 1395 Β.
841 1334 1040 1397 Econiertcc's
1061 1335 1228 1416 episcopam

316 1433 462 1495 salutem.

315 1554 548 1616 Aposronarnr
568 1563 671 1614 vestro
693 1550 835 1636 pluribus
859 1573 899 1615 ex
922 1550 1023 1615 causis
1046 1552 1225 1636 Anglicana

272 1647 363 1712 solito
386 1650 487 1734 magis
510 1652 748 1736 congratulatur
770 1653 914 1729 ecclesia,
931 1652 986 1717 sed
1001 1653 1079 1717 alias
1095 1655 1135 1718 ad
1151 1677 1227 1718 con-

272 1750 442 1816 ciliandam
459 1754 602 1818 omnium
618 1755 753 1839 gratiam
775 1755 937 1820 antecedit
952 1755 1038 1842 quod
1053 1756 1224 1841 gloriosum

274 1853 391 1917 Christi
427 1867 598 1941 martyrem
637 1872 817 1923 sanctorum
852 1858 995 1942 catalogo
1030 1860 1225 1945 praecepistis

271 1955 395 2035 ascribi,
420 1968 453 2021 ct
482 1958 659 2043 legatorum
687 1971 862 2024 vestrorum
892 1959 1048 2024 industria
1078 1961 1225 2026 desolatis

271 2059 411 2123 ecclesiis
423 2083 493 2146 spes
504 2075 617 2127 vestrae
629 2064 850 2128 consolationis
865 2063 978 2141 illuxit,
991 2077 1025 2128 ut
1041 2065 1081 2129 ed
1097 2064 1226 2150 plenam

273 2159 452 2225 libertatern
469 2165 680 2230 confidentius
696 2167 834 2230 audeant
850 2166 997 2252 aspirare.
1045 2166 1134 2231 Inter
1149 2189 1227 2253 quas

272 2274 375 2326 mater
397 2278 503 2330 nostra
524 2280 632 2332 sancta
656 2269 750 2335 Cant.
767 2268 911 2350 ecclesia,
934 2292 1008 2355 quae
1030 2280 1077 2333 tot
1102 2281 1134 2334 et
1158 2282 1229 2334 tan·

274 2371 378 2424 torum
399 2374 573 2450 martyrum
597 2366 752 2450 sanguine
772 2366 944 2446 laureatur,
964 2379 997 2431 ct
1018 2390 1051 2432 se
1075 2367 1115 2431 ab
1137 2368 1227 2432 initio

274 2484 331 2547 pro
345 2464 480 2548 justitia,
499 2491 557 2554 pro
576 2468 724 2533 libertate
745 2468 899 2545 ecclesiae,
921 2492 977 2553 pro
997 2468 1079 2532 sedis
1101 2481 1228 2554 aposto·

273 2565 344 2629 licae
356 2568 509 2635 fidelitate
526 2571 673 2658 periculis
688 2594 814 2656 semper
828 2572 988 2657 exposuit:
1010 2571 1140 2635 taudem
1156 2583 1229 2656 post

271 2667 404 2747 labores,
435 2686 505 2757 post
541 2674 669 2755 damna,
705 2686 775 2760 post
812 2673 1008 2738 calamitates
1044 2674 1228 2738 innumeras

271 2792 350 2855 quas
361 2773 478 2838 referre
488 2777 683 2860 superfluum
695 2787 752 2851 est,
761 2798 860 2862 quum
870 2788 954 2839 totus
965 2797 1018 2839 eas
1028 2775 1227 2840 Christianus

274 2873 358 2938 orbis
378 2879 552 2959 agnoverit,
569 2879 689 2943 meritis
709 2879 777 2963 ejus
800 2877 909 2942 divina
929 2878 1139 2963 respondente
1163 2877 1228 2941 cle-

272 2977 392 3041 mentia
408 2978 552 3043 videatur
566 2980 607 3044 ad
622 2981 720 3044 finem
737 2980 892 3064 naufragii
907 2982 1101 3066 pervenisse:
1125 3001 1227 3065 nuper

273 3078 358 3141 enirn
375 3101 474 3165 quum
491 3083 571 3145 ethi
590 3082 694 3169 quiin
712 3081 813 3168 prima
827 3082 902 3146 sede
923 3083 1055 3166 degunt,
1071 3093 1104 3146 et
1118 3082 1227 3146 suffra-

271 3180 365 3262 ganei
381 3182 564 3266 provinciae,
578 3196 612 3247 et
626 3206 736 3248 omnes
756 3184 796 3247 ad
812 3206 891 3270 quos
908 3183 1089 3269 pertinebat
1103 3183 1229 3264 electio,

274 3284 495 3349 convenissent
530 3299 696 3372 praeeunte
730 3285 888 3350 desiderio
924 3296 957 3348 et
993 3307 1087 3370 prece
1118 3284 1228 3370 populi

276 3385 420 3449 unanimi
445 3409 601 3451 consensu
623 3398 690 3451 tota
715 3387 850 3451 ecclesia
869 3387 969 3451 libere
994 3399 1026 3451 et
1050 3387 1225 3450 secundum

273 3485 504 3553 institutionem
531 3513 691 3554 sacrorum
716 3512 874 3555 canonum
899 3488 959 3553 sibi
985 3488 1019 3552 in
1045 3500 1168 3574 patrem
1195 3500 1227 3552 et

275 3601 432 3673 pastorem
455 3591 553 3677 elegit
574 3592 687 3671 virum,
710 3592 761 3656 cui
784 3592 849 3656 vita
878 3591 917 3656 ad
945 3591 1171 3656 conscientiam
1194 3602 1228 3655 et

275 3692 468 3778 exemplum,
484 3692 660 3757 litterarum
678 3691 814 3757 eruditio
830 3693 871 3755 ad
886 3692 1021 3777 formam
1037 3691 1121 3767 vitae,
1137 3702 1170 3755 et
1185 3691 1227 3755 ad

273 3795 448 3859 doctrinam
462 3795 610 3860 facundia
624 3795 821 3879 suffragatur.
842 3793 969 3858 Ricard.
980 3793 1128 3858 videlicet
1142 3794 1227 3859 Can·

274 3896 439 3961 turriensis
469 3896 613 3961 ecclesiae
650 3896 842 3960 monachum
874 3894 1011 3980 priorem
1043 3894 1226 3959 monasterii

275 3997 477 4077 Doverensis‚
498 4000 589 4084 cujus
610 3997 857 4063 sollicitudinem
880 4020 899 4061 a
922 3996 1032 4061 multis
1051 3997 1141 4061 annis
1162 4010 1227 4062 tam

273 4099 475 4165 laudabiliter
496 4101 602 4185 gessit,
626 4112 660 4164 et
685 4100 814 4164 athletae
843 4098 960 4164 Christi
986 4099 1171 4185 proscript0,
1194 4112 1227 4163 et

273 4223 330 4285 pro
345 4201 491 4266 libertate
514 4201 657 4267 ecclesiae
678 4200 857 4285 agonizanti
872 4201 905 4263 in
922 4200 1109 4264 necessitate
1130 4201 1227 4263 fidem

274 4304 428 4382 exhibuit,
447 4316 482 4369 ut
504 4328 589 4370 nunc
612 4304 726 4388 dignus
750 4303 905 4366 habeatur
927 4303 996 4386 ejus
1018 4301 1225 4368 successione.

274 4407 449 4492 Impetrato
475 4407 583 4492 itaque
614 4407 696 4490 regis
726 4427 854 4471 assensu
885 4405 925 4467 ad
951 4403 1228 4488 metropolitanam
