3384 5525
370 787 477 867 uri]
742 808 921 854 nmsrorm.
1256 794 1319 853 267

364 959 560 1043 episcopum,
577 971 609 1022 et
623 981 732 1023 omnes
752 982 801 1023 res
816 982 891 1023 suas
911 958 991 1024 sicut
1007 981 1058 1023 eas
1073 958 1186 1022 melius
1201 959 1319 1024 habue-

364 1072 450 1135 runt,
463 1059 594 1144 quando
604 1060 713 1123 eadem
726 1083 824 1125 causa
834 1062 981 1126 exierunt
992 1060 1032 1125 de
1046 1060 1175 1145 Anglia,
1185 1073 1217 1124 et
1228 1060 1322 1123 bene·

363 1161 435 1225 ficia
461 1185 533 1246 quae
562 1161 645 1226 idem
677 1162 931 1251 archiepiscopus
959 1167 1005 1227 eis
1035 1175 1144 1248 postea
1173 1160 1320 1226 contulit.

362 1263 469 1339 Quare
487 1285 540 1326 eos
561 1285 668 1327 secure
690 1263 796 1326 venire
819 1263 953 1344 faciatis,
968 1274 999 1328 et
1022 1286 1072 1327 res
1089 1285 1160 1327 suas
1181 1263 1320 1327 habeant

363 1364 453 1443 bene,
478 1379 510 1427 et
540 1366 572 1427 in
602 1388 690 1449 pace,
718 1364 804 1428 salva
828 1364 983 1429 fidelitate
1010 1387 1091 1441 mea,
1118 1386 1214 1450 quam
1242 1361 1320 1427 mihi

363 1465 489 1529 sacient.
535 1466 684 1530 Testibus
707 1466 821 1529 Gaufr.
843 1465 963 1529 archid.
989 1466 1082 1529 Cant.
1107 1464 1177 1529 Ric.
1199 1463 1319 1528 archid.

361 1566 444 1630 Pict.
463 1566 532 1629 Ric.
548 1566 588 1629 de
605 1568 705 1631 Hum.
720 1568 829 1632 Const.
848 1566 924 1631 Bac.
936 1566 977 1629 de
993 1564 1085 1641 Luci,
1098 1565 1267 1648 Reginald.
1279 1563 1320 1629 de

365 1667 516 1731 Curtenai
532 1669 616 1754 apud
635 1668 739 1733 Cloec.

427 2057 647 2121 EPISTOLA
671 2055 1018 2120 CCCIX.-urnsnnu
1034 2074 1077 2117 an
1095 2071 1248 2118 nuunuu.

735 2156 780 2235 [u.
797 2178 829 2221 n.
849 2157 958 2237 1171.]

366 2343 531 2405 Hearicnc
545 2343 617 2405 Bar
631 2342 728 2422 Acyl.
744 2349 775 2405 et
790 2344 871 2405 Dua
885 2342 1046 2405 Narman.
1067 2349 1098 2405 et
1113 2344 1271 2423 Aquitnn.
1288 2344 1319 2403 et

410 2445 519 2509 Comes
532 2446 656 2525 Andeg.
670 2444 711 2508 B.
724 2445 884 2527 Episcopo
895 2444 1004 2506 Euan.
1021 2464 1096 2505 coro
1111 2450 1142 2506 et
1146 2443 1249 2522 fideli
1261 2460 1321 2503 auo

407 2547 554 2609 sulutem.

410 2681 541 2745 Sonus
553 2680 639 2767 quod
656 2702 713 2765 per
728 2678 863 2765 gratiam
878 2676 939 2741 Dei
954 2699 1104 2764 prospera
1116 2676 1320 2763 navigatione

365 2783 505 2868 applicui
518 2787 547 2847 in
560 2783 798 2857 Normanniam‚
810 2795 839 2844 et
853 2781 959 2844 inveni
975 2792 1074 2844 totam
1089 2791 1205 2842 terram
1218 2801 1319 2843 meam

364 2886 560 2949 cismarinam
576 2885 608 2946 in
622 2906 743 2948 summa
757 2906 833 2970 pace
850 2896 882 2946 et
892 2880 1122 2966 tranquillitate
1131 2879 1319 2965 disponente

366 2991 437 3052 Deo
452 2985 668 3057 constitutam,
693 3000 724 3049 et
745 2984 889 3048 homines
910 3006 947 3046 ac
963 2981 1072 3045 fideles
1095 3002 1180 3043 meos
1203 2980 1244 3044 de
1265 2981 1321 3045 ad-

364 3104 462 3155 ventu
488 3111 558 3150 meo
582 3088 634 3166 (ut
657 3087 840 3172 oportebat)
866 3085 1004 3149 uberiori
1029 3081 1141 3148 laetitia
1163 3083 1320 3168 perfusos.

368 3190 492 3256 Accessi
515 3187 630 3252 deinde
652 3187 692 3250 ad
723 3187 867 3251 dominos
889 3190 1028 3271 legatos:
1068 3199 1100 3250 et
1122 3207 1318 3272 quamquam

365 3319 419 3358 eos
438 3293 470 3356 in
493 3289 648 3377 principio
669 3289 767 3353 duros
788 3287 987 3362 invenissem,
1009 3300 1053 3364 et,
1075 3300 1110 3351 ut
1136 3287 1318 3362 videbatur,

366 3396 494 3483 penitus
503 3391 589 3457 flecti
604 3415 665 3456 non
677 3405 816 3478 possent,
829 3407 933 3456 tamen
944 3404 1054 3455 contra
1065 3413 1152 3477 spem
1166 3391 1319 3470 omnium,

366 3513 476 3565 contra
493 3497 672 3584 opinionem
693 3497 890 3582 singulorum
906 3519 968 3582 pax
986 3494 1122 3581 denique
1138 3508 1274 3581 sequuta
1288 3507 1321 3560 et

366 3601 407 3665 ad
431 3600 580 3662 bonorem
610 3596 670 3660 Dei
694 3616 725 3661 et
748 3598 889 3661 ecclesiae
910 3611 941 3660 ot
965 3619 1070 3659 meum
1091 3610 1123 3660 et
1146 3599 1236 3681 regni
1259 3599 1321 3661 mei

365 3706 447 3768 inter
469 3723 525 3763 nos
547 3711 595 3764 est
621 3699 804 3774 reformata,
828 3699 909 3763 sicut
935 3723 973 3763 ex
1000 3699 1209 3784 sequentibus
1230 3699 1322 3763 vobis

365 3805 492 3891 plenius
507 3802 689 3866 innotescet.
721 3802 803 3865 Haec
817 3802 901 3864 enim
918 3815 992 3884 sunt
1003 3824 1077 3887 quae
1094 3825 1143 3865 me
1156 3800 1196 3864 ad
1212 3820 1321 3864 eorum

367 3905 550 3972 instantiam
573 3902 827 3968 observaturum.
840 3903 991 3989 promisi:
1023 3903 1124 3989 quod,
1139 3903 1256 3967 scilicet
1280 3900 1321 3966 ab

367 4008 498 4074 instanti
523 4006 604 4069 festo
630 4009 831 4071 Pentecostes
858 4030 960 4092 usque
988 4008 1020 4070 in
1051 4029 1168 4070 annum
1200 4016 1322 4069 tantam

369 4110 535 4198 pecuniam
565 4106 659 4188 dabo,
682 4109 767 4172 unde
790 4109 831 4173 ad
855 4109 1022 4173 arbitrium
1044 4110 1181 4173 fratrum
1208 4104 1320 4190 templi

370 4237 405 4277 cc
424 4211 538 4274 milites
552 4207 593 4270 ad
610 4208 822 4272 defensionem
840 4222 933 4273 terrae
953 4208 1249 4292 Hierosolymitanae
1264 4227 1322 4289 per

367 4337 485 4378 annum
508 4315 633 4379 valeant
656 4312 767 4388 teneri,
790 4325 821 4374 et
846 4310 934 4394 quod
960 4309 1065 4375 licebit
1092 4309 1158 4372 fieri
1182 4306 1321 4392 appella-

372 4417 473 4482 tiones
496 4416 535 4480 ad
561 4417 724 4481 domiuum
749 4435 863 4498 papam
887 4412 1004 4477 libere:
1040 4412 1084 4477 ita
1106 4425 1210 4475 tamen
1235 4420 1271 4471 ut
1295 4408 1320 4471 si
