3384 5525
362 802 425 861 282
609 817 744 861 roanms
760 816 1039 861 sauusannmusm
1223 799 1266 878 [n.
1286 819 1316 861 n.

363 966 472 1031 sedem
496 965 701 1052 provinciales
717 966 855 1052 episcopi
871 966 911 1029 de
927 988 1016 1030 more
1039 978 1266 1044 convenerunt,
1284 978 1319 1031 ut

364 1092 403 1133 ex
421 1069 523 1133 officio
545 1092 601 1134 suo
624 1091 740 1133 munus
762 1068 1006 1133 consecrationis
1029 1092 1125 1156 quarn
1150 1070 1318 1133 necessitas

364 1172 513 1257 exigebat
535 1172 710 1258 explerent.
758 1172 823 1236 Sed
849 1173 925 1258 quia
951 1172 1050 1238 hostis
1074 1173 1224 1258 antiquus
1246 1194 1319 1258 pro-

363 1275 462 1339 fectui
491 1274 612 1339 invidet
644 1274 833 1349 animarum,
865 1297 905 1339 eo
934 1286 970 1340 ut
999 1275 1107 1340 multis
1137 1275 1239 1340 visum
1269 1285 1318 1338 est

363 1378 566 1442 machinante
590 1400 630 1442 ex
655 1376 814 1462 insperato
838 1377 954 1441 litterae
980 1378 1062 1462 regis
1083 1377 1219 1463 junioris
1242 1399 1318 1441 con·

363 1492 466 1566 ceptae
482 1480 621 1557 nomine,
637 1481 669 1543 io
687 1480 828 1544 medium
851 1480 1048 1565 prodierunt,
1065 1481 1181 1568 quibus
1197 1490 1318 1566 protes·

364 1582 492 1647 tebatur
506 1606 540 1647 se
555 1583 597 1646 ad
611 1597 746 1646 vestram
767 1581 962 1647 audientiam
979 1582 1153 1669 appellasse
1169 1584 1318 1647 adversus

363 1684 535 1749 electiones
556 1707 629 1772 quae
651 1707 743 1749 suum
765 1706 826 1747 non
851 1684 1033 1749 habueruut
1053 1707 1224 1750 assensum.
1276 1683 1318 1747 Et

364 1788 441 1852 licet
462 1788 564 1852 literae
580 1811 620 1853 ex
636 1788 727 1851 variis
747 1788 860 1865 causis,
876 1809 955 1873 quas
976 1788 1162 1852 renunciare
1185 1790 1316 1871 longum

365 1903 423 1967 est,
447 1902 603 1976 suspectus
629 1891 825 1965 viderentur,
852 1902 885 1954 et
907 1890 1120 1976 plurimorum·
1143 1902 1226 1955 esset
1248 1911 1320 1953 seu-

363 1992 464 2057 tentia
489 2016 543 2057 eas
568 1993 794 2056 consecrationi
822 1992 941 2057 debitae
965 1993 1141 2079 praesertim
1168 1993 1201 2055 in
1228 2002 1318 2055 tanta

366 2092 553 2156 necessitate
577 2115 639 2155 non
659 2092 777 2156 debere
797 2115 951 2177 generare
974 2094 1188 2180 dispendium,
1209 2107 1318 2156 tamen

365 2195 522 2279 majestati
539 2206 652 2259 vestrae
667 2195 791 2259 censuit
805 2196 940 2260 ecclesia
955 2196 1176 2272 deferendum,
1189 2218 1318 2281 sperans

364 2298 583 2363 indubitanter
611 2300 697 2385 quod
734 2311 823 2363 tanto
857 2301 944 2386 apud
973 2300 1177 2386 apostolicam
1207 2298 1317 2362 sedem
1400 2350 1404 2359 .

364 2401 518 2486 majorem
534 2401 676 2465 inveniet
696 2403 842 2486 gratiam,
857 2413 978 2488 quanto
1000 2403 1030 2466 ei
1053 2402 1124 2488 plus
1142 2400 1268 2464 honoris
1284 2411 1317 2464 et

365 2505 552 2569 reverentiae
567 2505 663 2569 etiam
680 2528 751 2568 curn
775 2505 958 2569 discrimine
974 2528 1030 2570 suo
1046 2506 1078 2569 in
1095 2517 1159 2569 tam
1177 2502 1318 2567 evidenti

364 2608 552 2671 necessitate
581 2606 703 2671 studuit
730 2607 892 2672 humiliter
918 2607 1082 2673 exhibere.
1129 2606 1216 2682 Quia
1241 2628 1318 2689 ergo

364 2708 592 2774 desolationem
604 2709 747 2775 ecclesiae
760 2711 959 2797 praetenderc
969 2710 1054 2774 idem
1068 2722 1116 2776 est
1127 2732 1164 2774 ac
1179 2710 1205 2773 si
1221 2708 1319 2795 ipsius

365 2814 457 2877 ruina
480 2824 513 2877 et
538 2828 725 2878 caeterarum
758 2825 912 2900 perpetua
941 2814 1094 2878 desolatio
1119 2825 1317 2899 procuretur,

364 2915 491 3000 pietatis
501 2931 613 2980 vestrae
623 2916 757 3002 pedibus
767 2916 923 3001 provoluti
934 2916 1148 3003 supplicamus
1158 2915 1321 2996 attentius,
1412 2902 1415 2909 ’

364 3020 514 3105 quatinus
538 3043 595 3084 nos
621 3034 652 3084 et
682 3019 893 3104 Anglicanam
921 3019 1087 3083 ecclesiam
1115 3018 1240 3082 coelitus
1269 3021 1320 3100 (ut

363 3142 434 3206 spes
459 3129 517 3206 est)
545 3124 647 3187 electo
672 3137 797 3209 pastore
823 3122 964 3207 gaudere
991 3121 1122 3198 faciatis,
1146 3132 1179 3185 et
1208 3133 1331 3184 sancto.

366 3221 503 3287 Thomae
528 3224 725 3288 substituatis
747 3224 861 3303 virum,
886 3245 982 3309 quem
1012 3223 1044 3286 in
1075 3222 1227 3307 angustiis
1254 3223 1319 3286 suis

364 3322 492 3386 fidelem
515 3340 663 3411 expertus
685 3340 742 3391 est.
791 3327 946 3389 Moveant
961 3348 1025 3402 vos,
1049 3337 1150 3411 pater,
1171 3325 1316 3389 ecclesiae

363 3423 535 3488 laborantis
550 3426 717 3509 unguente,
734 3427 871 3491 filiorum
893 3440 1042 3492 moveant
1057 3450 1178 3514 preces,
1193 3438 1321 3492 moveat

363 3548 418 3590 vos
431 3525 645 3610 gloriosissimi
660 3528 805 3614 martyris
820 3530 1007 3605 reverentia,
1023 3554 1119 3617 quem
1136 3553 1226 3594 orare
1243 3553 1321 3594 con-

364 3627 501 3705 fidimus,
512 3639 548 3691 ut
562 3627 591 3691 ei
607 3628 639 3691 in
654 3642 764 3694 sancta
774 3631 996 3696 Centueriensi
1009 3633 1142 3698 ecclesia
1157 3655 1321 3698 successor

363 3732 496 3796 idoneus
511 3731 708 3817 subrogetur.

441 3973 662 4038 EPISTOLA
686 3976 1047 4039 coemit-prmius
1063 3996 1105 4039 ur
1122 3994 1219 4039 cortu.

517 4093 681 4138 cantura.
698 4096 741 4138 ao
756 4096 910 4139 nonnum.
945 4077 988 4156 [a.
1001 4095 1031 4140 o.
1052 4078 1160 4158 litu]

410 4211 549 4274 Domino
562 4232 656 4293 pnpae
668 4215 761 4293 prior
778 4214 1028 4276 Contuoriensis
1041 4222 1074 4274 et
1088 4221 1273 4276 conventus.
1357 4203 1361 4213 ’

407 4332 476 4393 Eos
491 4328 582 4391 vobis
605 4329 744 4392 securius
767 4330 1035 4408 commendamus,
1058 4351 1139 4413 quos
1163 4329 1318 4393 sincerius

363 4430 536 4514 diligimus,
560 4446 590 4496 et
614 4455 694 4517 quos
717 4432 757 4495 ad
786 4447 924 4495 sanctam
951 4432 1126 4494 Romanam
1151 4431 1315 4496 ecclesiam
