<?xml version="1.0" encoding="UTF-8"?>
<!DOCTYPE html PUBLIC "-//W3C//DTD XHTML 1.0 Transitional//EN"
    "http://www.w3.org/TR/xhtml1/DTD/xhtml1-transitional.dtd">
<html xmlns="http://www.w3.org/1999/xhtml" xml:lang="en" lang="en">
 <head>
  <title>
</title>
<meta http-equiv="Content-Type" content="text/html;charset=utf-8" />
  <meta name='ocr-system' content='tesseract 3.04.00' />
  <meta name='ocr-capabilities' content='ocr_page ocr_carea ocr_par ocr_line ocrx_word'/>
</head>
<body>
  <div class='ocr_page' id='page_1' title='image "./joannissaresber05johngoog_0185.png"; bbox 0 0 3384 5525; ppageno 0'>
   <div class='ocr_carea' id='block_1_1' title="bbox 368 804 1318 885">
    <p class='ocr_par' dir='ltr' id='par_1_1' title="bbox 368 804 1318 885">
     <span class='ocr_line' id='line_1_1' title="bbox 368 804 1318 885; baseline -0.003 -17"><span class='ocrx_word' id='word_1_1' title='bbox 368 804 477 885; x_wconf 77' lang='lat' dir='ltr'><strong>usa]</strong></span> <span class='ocrx_word' id='word_1_2' title='bbox 763 820 943 865; x_wconf 76' lang='lat' dir='ltr'><strong>nrrsronn.</strong></span> <span class='ocrx_word' id='word_1_3' title='bbox 1260 806 1318 865; x_wconf 86' lang='grc'><strong>167</strong></span> 
     </span>
    </p>
   </div>
   <div class='ocr_carea' id='block_1_2' title="bbox 342 970 1325 4516">
    <p class='ocr_par' dir='ltr' id='par_1_2' title="bbox 362 970 1319 2261">
     <span class='ocr_line' id='line_1_2' title="bbox 362 970 1316 1056; baseline -0.004 -19"><span class='ocrx_word' id='word_1_4' title='bbox 362 996 418 1037; x_wconf 84' lang='lat' dir='ltr'><strong>rex</strong></span> <span class='ocrx_word' id='word_1_5' title='bbox 444 973 478 1036; x_wconf 93' lang='lat' dir='ltr'><strong>iu</strong></span> <span class='ocrx_word' id='word_1_6' title='bbox 510 983 632 1036; x_wconf 87' lang='lat' dir='ltr'><strong>tantam</strong></span> <span class='ocrx_word' id='word_1_7' title='bbox 662 970 776 1036; x_wconf 79' lang='lat' dir='ltr'>recidit</span> <span class='ocrx_word' id='word_1_8' title='bbox 802 972 1069 1048; x_wconf 82' lang='lat' dir='ltr'><strong>contrarietatem,</strong></span> <span class='ocrx_word' id='word_1_9' title='bbox 1097 984 1133 1035; x_wconf 93' lang='lat' dir='ltr'><strong>ut</strong></span> <span class='ocrx_word' id='word_1_10' title='bbox 1155 972 1223 1056; x_wconf 84' lang='lat' dir='ltr'><strong>jam</strong></span> <span class='ocrx_word' id='word_1_11' title='bbox 1250 971 1316 1034; x_wconf 89' lang='lat' dir='ltr'><strong>fere</strong></span> 
     </span>
     <span class='ocr_line' id='line_1_3' title="bbox 363 1074 1317 1161; baseline -0.004 -20"><span class='ocrx_word' id='word_1_12' title='bbox 363 1075 571 1161; x_wconf 88' lang='lat' dir='ltr'><strong>impossibilis</strong></span> <span class='ocrx_word' id='word_1_13' title='bbox 581 1074 738 1152; x_wconf 87' lang='lat' dir='ltr'><strong>videatur,</strong></span> <span class='ocrx_word' id='word_1_14' title='bbox 749 1074 821 1139; x_wconf 90' lang='lat' dir='ltr'><strong>licet</strong></span> <span class='ocrx_word' id='word_1_15' title='bbox 835 1087 948 1139; x_wconf 85' lang='lat' dir='ltr'><strong>neuter</strong></span> <span class='ocrx_word' id='word_1_16' title='bbox 959 1097 1106 1159; x_wconf 82' lang='lat' dir='ltr'>guerram</span> <span class='ocrx_word' id='word_1_17' title='bbox 1118 1074 1206 1138; x_wconf 85' lang='lat' dir='ltr'><strong>velit.</strong></span> <span class='ocrx_word' id='word_1_18' title='bbox 1239 1076 1317 1137; x_wconf 91' lang='lat' dir='ltr'><strong>Pro-</strong></span> 
     </span>
     <span class='ocr_line' id='line_1_4' title="bbox 362 1175 1317 1261; baseline -0.002 -19"><span class='ocrx_word' id='word_1_19' title='bbox 362 1179 447 1243; x_wconf 83' lang='lat' dir='ltr'><strong>fecto</strong></span> <span class='ocrx_word' id='word_1_20' title='bbox 469 1176 687 1241; x_wconf 89' lang='lat' dir='ltr'><strong>convenissent</strong></span> <span class='ocrx_word' id='word_1_21' title='bbox 710 1198 730 1239; x_wconf 93' lang='lat' dir='ltr'><strong>a</strong></span> <span class='ocrx_word' id='word_1_22' title='bbox 755 1176 865 1241; x_wconf 90' lang='lat' dir='ltr'><strong>multis</strong></span> <span class='ocrx_word' id='word_1_23' title='bbox 885 1177 1007 1251; x_wconf 92' lang='lat' dir='ltr'><strong>diebus,</strong></span> <span class='ocrx_word' id='word_1_24' title='bbox 1030 1177 1090 1240; x_wconf 90' lang='lat' dir='ltr'><strong>nisi</strong></span> <span class='ocrx_word' id='word_1_25' title='bbox 1113 1200 1169 1240; x_wconf 88' lang='lat' dir='ltr'><strong>rex</strong></span> <span class='ocrx_word' id='word_1_26' title='bbox 1193 1175 1317 1261; x_wconf 87' lang='lat' dir='ltr'><strong>Angliae</strong></span> 
     </span>
     <span class='ocr_line' id='line_1_5' title="bbox 364 1279 1316 1367; baseline -0.003 -22"><span class='ocrx_word' id='word_1_27' title='bbox 364 1282 461 1346; x_wconf 89' lang='lat' dir='ltr'><strong>rebus</strong></span> <span class='ocrx_word' id='word_1_28' title='bbox 483 1280 647 1367; x_wconf 86' lang='lat' dir='ltr'><strong>dispositis</strong></span> <span class='ocrx_word' id='word_1_29' title='bbox 676 1292 707 1344; x_wconf 90' lang='lat' dir='ltr'><strong>et</strong></span> <span class='ocrx_word' id='word_1_30' title='bbox 730 1281 913 1365; x_wconf 89' lang='lat' dir='ltr'><strong>compositis</strong></span> <span class='ocrx_word' id='word_1_31' title='bbox 940 1280 1060 1365; x_wconf 89' lang='lat' dir='ltr'><strong>aliquid</strong></span> <span class='ocrx_word' id='word_1_32' title='bbox 1089 1279 1162 1343; x_wconf 90' lang='lat' dir='ltr'><strong>novi</strong></span> <span class='ocrx_word' id='word_1_33' title='bbox 1193 1301 1316 1365; x_wconf 85' lang='lat' dir='ltr'>semper</span> 
     </span>
     <span class='ocr_line' id='line_1_6' title="bbox 364 1382 1317 1470; baseline -0.002 -23"><span class='ocrx_word' id='word_1_34' title='bbox 364 1395 533 1448; x_wconf 80' lang='lat' dir='ltr'><strong>conaretur</strong></span> <span class='ocrx_word' id='word_1_35' title='bbox 548 1383 695 1470; x_wconf 87' lang='lat' dir='ltr'><strong>adjicere.</strong></span> <span class='ocrx_word' id='word_1_36' title='bbox 742 1383 859 1467; x_wconf 88' lang='lat' dir='ltr'><strong>ltaque</strong></span> <span class='ocrx_word' id='word_1_37' title='bbox 876 1383 942 1446; x_wconf 84' lang='lat' dir='ltr'><strong>fere</strong></span> <span class='ocrx_word' id='word_1_38' title='bbox 962 1382 1086 1458; x_wconf 91' lang='lat' dir='ltr'><strong>accidit,</strong></span> <span class='ocrx_word' id='word_1_39' title='bbox 1103 1394 1139 1446; x_wconf 90' lang='lat' dir='ltr'><strong>ut</strong></span> <span class='ocrx_word' id='word_1_40' title='bbox 1160 1395 1317 1467; x_wconf 90' lang='lat' dir='ltr'><strong>quantum</strong></span> 
     </span>
     <span class='ocr_line' id='line_1_7' title="bbox 365 1482 1318 1569; baseline -0.002 -21"><span class='ocrx_word' id='word_1_41' title='bbox 365 1484 536 1569; x_wconf 87' lang='lat' dir='ltr'><strong>procedere</strong></span> <span class='ocrx_word' id='word_1_42' title='bbox 550 1483 678 1559; x_wconf 91' lang='lat' dir='ltr'><strong>nititur,</strong></span> <span class='ocrx_word' id='word_1_43' title='bbox 694 1506 743 1547; x_wconf 89' lang='lat' dir='ltr'><strong>res</strong></span> <span class='ocrx_word' id='word_1_44' title='bbox 758 1485 790 1547; x_wconf 93' lang='lat' dir='ltr'><strong>in</strong></span> <span class='ocrx_word' id='word_1_45' title='bbox 807 1482 1000 1546; x_wconf 91' lang='lat' dir='ltr'><strong>contrarium</strong></span> <span class='ocrx_word' id='word_1_46' title='bbox 1021 1486 1184 1568; x_wconf 91' lang='lat' dir='ltr'><strong>proposito</strong></span> <span class='ocrx_word' id='word_1_47' title='bbox 1203 1495 1318 1568; x_wconf 86' lang='lat' dir='ltr'><strong>pergat</strong></span> 
     </span>
     <span class='ocr_line' id='line_1_8' title="bbox 365 1582 1318 1669; baseline -0.002 -21"><span class='ocrx_word' id='word_1_48' title='bbox 365 1597 535 1650; x_wconf 84' lang='lat' dir='ltr'><strong>eventum:</strong></span> <span class='ocrx_word' id='word_1_49' title='bbox 564 1597 601 1649; x_wconf 90' lang='lat' dir='ltr'><strong>ut</strong></span> <span class='ocrx_word' id='word_1_50' title='bbox 615 1585 671 1649; x_wconf 87' lang='lat' dir='ltr'><strong>fiat</strong></span> <span class='ocrx_word' id='word_1_51' title='bbox 694 1584 900 1669; x_wconf 84' lang='lat' dir='ltr'><strong>retrogradus</strong></span> <span class='ocrx_word' id='word_1_52' title='bbox 914 1583 945 1646; x_wconf 90' lang='lat' dir='ltr'><strong>in</strong></span> <span class='ocrx_word' id='word_1_53' title='bbox 967 1583 1109 1667; x_wconf 76' lang='lat' dir='ltr'><strong>agendiS,</strong></span> <span class='ocrx_word' id='word_1_54' title='bbox 1125 1582 1182 1667; x_wconf 92' lang='lat' dir='ltr'><strong>qui</strong></span> <span class='ocrx_word' id='word_1_55' title='bbox 1200 1595 1318 1666; x_wconf 89' lang='lat' dir='ltr'><strong>praeter</strong></span> 
     </span>
     <span class='ocr_line' id='line_1_9' title="bbox 364 1687 1315 1773; baseline -0.002 -22"><span class='ocrx_word' id='word_1_56' title='bbox 364 1709 492 1773; x_wconf 83' lang='lat' dir='ltr'><strong>aequum</strong></span> <span class='ocrx_word' id='word_1_57' title='bbox 505 1699 537 1752; x_wconf 89' lang='lat' dir='ltr'><strong>et</strong></span> <span class='ocrx_word' id='word_1_58' title='bbox 552 1688 671 1752; x_wconf 93' lang='lat' dir='ltr'><strong>bonum</strong></span> <span class='ocrx_word' id='word_1_59' title='bbox 688 1688 820 1753; x_wconf 91' lang='lat' dir='ltr'><strong>molitur</strong></span> <span class='ocrx_word' id='word_1_60' title='bbox 831 1687 1057 1762; x_wconf 85' lang='lat' dir='ltr'><strong>conventionis,</strong></span> <span class='ocrx_word' id='word_1_61' title='bbox 1070 1699 1101 1750; x_wconf 92' lang='lat' dir='ltr'><strong>et</strong></span> <span class='ocrx_word' id='word_1_62' title='bbox 1112 1688 1206 1750; x_wconf 91' lang='lat' dir='ltr'><strong>etiam</strong></span> <span class='ocrx_word' id='word_1_63' title='bbox 1219 1687 1315 1772; x_wconf 88' lang='lat' dir='ltr'><strong>juris,</strong></span> 
     </span>
     <span class='ocr_line' id='line_1_10' title="bbox 363 1789 1317 1875; baseline -0.001 -23"><span class='ocrx_word' id='word_1_64' title='bbox 363 1811 425 1852; x_wconf 92' lang='lat' dir='ltr'><strong>non</strong></span> <span class='ocrx_word' id='word_1_65' title='bbox 441 1801 507 1854; x_wconf 88' lang='lat' dir='ltr'><strong>tam</strong></span> <span class='ocrx_word' id='word_1_66' title='bbox 523 1812 695 1874; x_wconf 78' lang='lat' dir='ltr'><strong>praecessor</strong></span> <span class='ocrx_word' id='word_1_67' title='bbox 709 1813 789 1866; x_wconf 89' lang='lat' dir='ltr'><strong>esse,</strong></span> <span class='ocrx_word' id='word_1_68' title='bbox 804 1812 902 1875; x_wconf 91' lang='lat' dir='ltr'><strong>quam</strong></span> <span class='ocrx_word' id='word_1_69' title='bbox 919 1791 1095 1853; x_wconf 87' lang='lat' dir='ltr'><strong>subversor.</strong></span> <span class='ocrx_word' id='word_1_70' title='bbox 1125 1789 1317 1873; x_wconf 87' lang='lat' dir='ltr'><strong>Apostolicae</strong></span> 
     </span>
     <span class='ocr_line' id='line_1_11' title="bbox 364 1891 1319 1978; baseline -0.001 -23"><span class='ocrx_word' id='word_1_71' title='bbox 364 1892 600 1957; x_wconf 89' lang='lat' dir='ltr'><strong>constitutionis</strong></span> <span class='ocrx_word' id='word_1_72' title='bbox 610 1893 773 1976; x_wconf 85' lang='lat' dir='ltr'><strong>rescripta,</strong></span> <span class='ocrx_word' id='word_1_73' title='bbox 786 1914 885 1978; x_wconf 91' lang='lat' dir='ltr'><strong>quum</strong></span> <span class='ocrx_word' id='word_1_74' title='bbox 899 1891 1034 1966; x_wconf 86' lang='lat' dir='ltr'><strong>licuerit,</strong></span> <span class='ocrx_word' id='word_1_75' title='bbox 1044 1891 1132 1976; x_wconf 90' lang='lat' dir='ltr'><strong>quod</strong></span> <span class='ocrx_word' id='word_1_76' title='bbox 1145 1891 1273 1976; x_wconf 88' lang='lat' dir='ltr'><strong>quidem</strong></span> <span class='ocrx_word' id='word_1_77' title='bbox 1284 1892 1319 1954; x_wconf 94' lang='lat' dir='ltr'><strong>in</strong></span> 
     </span>
     <span class='ocr_line' id='line_1_12' title="bbox 363 1992 1316 2080; baseline -0.001 -23"><span class='ocrx_word' id='word_1_78' title='bbox 363 1992 463 2067; x_wconf 85' lang='lat' dir='ltr'><strong>brevi,</strong></span> <span class='ocrx_word' id='word_1_79' title='bbox 476 1994 617 2058; x_wconf 90' lang='lat' dir='ltr'><strong>Domino</strong></span> <span class='ocrx_word' id='word_1_80' title='bbox 628 1994 860 2080; x_wconf 88' lang='lat' dir='ltr'><strong>patrocinante,</strong></span> <span class='ocrx_word' id='word_1_81' title='bbox 872 1995 1021 2057; x_wconf 85' lang='lat' dir='ltr'><strong>futurum</strong></span> <span class='ocrx_word' id='word_1_82' title='bbox 1033 2006 1092 2069; x_wconf 90' lang='lat' dir='ltr'><strong>est,</strong></span> <span class='ocrx_word' id='word_1_83' title='bbox 1106 1994 1164 2058; x_wconf 91' lang='lat' dir='ltr'><strong>tibi</strong></span> <span class='ocrx_word' id='word_1_84' title='bbox 1180 1993 1316 2071; x_wconf 92' lang='lat' dir='ltr'><strong>mittam,</strong></span> 
     </span>
     <span class='ocr_line' id='line_1_13' title="bbox 364 2094 1319 2183; baseline -0.001 -24"><span class='ocrx_word' id='word_1_85' title='bbox 364 2095 515 2182; x_wconf 89' lang='lat' dir='ltr'><strong>adjiciens</strong></span> <span class='ocrx_word' id='word_1_86' title='bbox 536 2096 658 2183; x_wconf 92' lang='lat' dir='ltr'><strong>siquid</strong></span> <span class='ocrx_word' id='word_1_87' title='bbox 681 2096 919 2160; x_wconf 88' lang='lat' dir='ltr'><strong>referendorum</strong></span> <span class='ocrx_word' id='word_1_88' title='bbox 943 2096 1111 2179; x_wconf 83' lang='lat' dir='ltr'><strong>contigerit</strong></span> <span class='ocrx_word' id='word_1_89' title='bbox 1127 2097 1254 2160; x_wconf 89' lang='lat' dir='ltr'><strong>interim</strong></span> <span class='ocrx_word' id='word_1_90' title='bbox 1271 2094 1319 2158; x_wconf 93' lang='lat' dir='ltr'><strong>in·</strong></span> 
     </span>
     <span class='ocr_line' id='line_1_14' title="bbox 365 2198 485 2261; baseline 0 0"><span class='ocrx_word' id='word_1_91' title='bbox 365 2198 485 2261; x_wconf 88' lang='lat' dir='ltr'><strong>novari.</strong></span> 
     </span>
    </p>

    <p class='ocr_par' dir='ltr' id='par_1_3' title="bbox 342 2298 1325 4516">
     <span class='ocr_line' id='line_1_15' title="bbox 407 2298 1318 2386; baseline -0.001 -23"><span class='ocrx_word' id='word_1_92' title='bbox 407 2298 627 2363; x_wconf 86' lang='lat' dir='ltr'><strong>Praeterieram</strong></span> <span class='ocrx_word' id='word_1_93' title='bbox 644 2299 731 2386; x_wconf 92' lang='lat' dir='ltr'><strong>quod</strong></span> <span class='ocrx_word' id='word_1_94' title='bbox 745 2301 874 2363; x_wconf 91' lang='lat' dir='ltr'><strong>minime</strong></span> <span class='ocrx_word' id='word_1_95' title='bbox 885 2322 956 2362; x_wconf 91' lang='lat' dir='ltr'><strong>reor</strong></span> <span class='ocrx_word' id='word_1_96' title='bbox 970 2322 1037 2363; x_wconf 88' lang='lat' dir='ltr'><strong>esse</strong></span> <span class='ocrx_word' id='word_1_97' title='bbox 1048 2299 1318 2385; x_wconf 75' lang='lat' dir='ltr'><strong>praetereundum,</strong></span> 
     </span>
     <span class='ocr_line' id='line_1_16' title="bbox 365 2398 1319 2484; baseline -0.002 -21"><span class='ocrx_word' id='word_1_98' title='bbox 365 2398 481 2464; x_wconf 90' lang='lat' dir='ltr'><strong>scilicet</strong></span> <span class='ocrx_word' id='word_1_99' title='bbox 506 2398 670 2463; x_wconf 91' lang='lat' dir='ltr'><strong>dominum</strong></span> <span class='ocrx_word' id='word_1_100' title='bbox 694 2401 846 2463; x_wconf 88' lang='lat' dir='ltr'><strong>Ottonem</strong></span> <span class='ocrx_word' id='word_1_101' title='bbox 869 2400 980 2483; x_wconf 89' lang='lat' dir='ltr'><strong>paucis</strong></span> <span class='ocrx_word' id='word_1_102' title='bbox 1001 2400 1126 2476; x_wconf 90' lang='lat' dir='ltr'><strong>diebus,</strong></span> <span class='ocrx_word' id='word_1_103' title='bbox 1148 2411 1319 2484; x_wconf 89' lang='lat' dir='ltr'><strong>antequam</strong></span> 
     </span>
     <span class='ocr_line' id='line_1_17' title="bbox 364 2500 1318 2586; baseline -0.001 -21"><span class='ocrx_word' id='word_1_104' title='bbox 364 2501 524 2565; x_wconf 88' lang='lat' dir='ltr'><strong>recederet</strong></span> <span class='ocrx_word' id='word_1_105' title='bbox 550 2526 570 2567; x_wconf 90' lang='lat' dir='ltr'><strong>a</strong></span> <span class='ocrx_word' id='word_1_106' title='bbox 597 2524 682 2584; x_wconf 85' lang='lat' dir='ltr'><strong>rege,</strong></span> <span class='ocrx_word' id='word_1_107' title='bbox 712 2502 818 2586; x_wconf 91' lang='lat' dir='ltr'><strong>ipsum</strong></span> <span class='ocrx_word' id='word_1_108' title='bbox 849 2500 1034 2585; x_wconf 90' lang='lat' dir='ltr'><strong>diligentius</strong></span> <span class='ocrx_word' id='word_1_109' title='bbox 1063 2502 1255 2580; x_wconf 88' lang='lat' dir='ltr'><strong>convenisse,</strong></span> <span class='ocrx_word' id='word_1_110' title='bbox 1282 2513 1318 2564; x_wconf 90' lang='lat' dir='ltr'><strong>ut</strong></span> 
     </span>
     <span class='ocr_line' id='line_1_18' title="bbox 364 2601 1321 2688; baseline 0 -21"><span class='ocrx_word' id='word_1_111' title='bbox 364 2625 473 2688; x_wconf 88' lang='lat' dir='ltr'><strong>pacem</strong></span> <span class='ocrx_word' id='word_1_112' title='bbox 499 2624 572 2667; x_wconf 90' lang='lat' dir='ltr'><strong>cum</strong></span> <span class='ocrx_word' id='word_1_113' title='bbox 596 2602 833 2688; x_wconf 85' lang='lat' dir='ltr'><strong>archiepiscopo</strong></span> <span class='ocrx_word' id='word_1_114' title='bbox 853 2602 1048 2667; x_wconf 81' lang='lat' dir='ltr'><strong>reformaret.</strong></span> <span class='ocrx_word' id='word_1_115' title='bbox 1094 2601 1154 2665; x_wconf 89' lang='lat' dir='ltr'><strong>Ille</strong></span> <span class='ocrx_word' id='word_1_116' title='bbox 1177 2625 1251 2666; x_wconf 89' lang='lat' dir='ltr'><strong>vero</strong></span> <span class='ocrx_word' id='word_1_117' title='bbox 1273 2626 1321 2667; x_wconf 90' lang='lat' dir='ltr'><strong>re-</strong></span> 
     </span>
     <span class='ocr_line' id='line_1_19' title="bbox 365 2703 1319 2792; baseline -0.001 -22"><span class='ocrx_word' id='word_1_118' title='bbox 365 2703 493 2792; x_wconf 87' lang='lat' dir='ltr'><strong>spondit</strong></span> <span class='ocrx_word' id='word_1_119' title='bbox 517 2726 550 2768; x_wconf 87' lang='lat' dir='ltr'><strong>se</strong></span> <span class='ocrx_word' id='word_1_120' title='bbox 575 2726 635 2790; x_wconf 91' lang='lat' dir='ltr'><strong>pro</strong></span> <span class='ocrx_word' id='word_1_121' title='bbox 658 2727 765 2768; x_wconf 89' lang='lat' dir='ltr'><strong>amore</strong></span> <span class='ocrx_word' id='word_1_122' title='bbox 792 2704 914 2769; x_wconf 91' lang='lat' dir='ltr'><strong>domini</strong></span> <span class='ocrx_word' id='word_1_123' title='bbox 941 2727 1033 2790; x_wconf 86' lang='lat' dir='ltr'><strong>papae</strong></span> <span class='ocrx_word' id='word_1_124' title='bbox 1059 2716 1090 2769; x_wconf 90' lang='lat' dir='ltr'><strong>et</strong></span> <span class='ocrx_word' id='word_1_125' title='bbox 1113 2704 1319 2769; x_wconf 91' lang='lat' dir='ltr'><strong>cardinalium</strong></span> 
     </span>
     <span class='ocr_line' id='line_1_20' title="bbox 363 2806 1319 2893; baseline -0.002 -22"><span class='ocrx_word' id='word_1_126' title='bbox 363 2806 604 2893; x_wconf 90' lang='lat' dir='ltr'><strong>permissurum,</strong></span> <span class='ocrx_word' id='word_1_127' title='bbox 632 2819 668 2871; x_wconf 91' lang='lat' dir='ltr'><strong>ut</strong></span> <span class='ocrx_word' id='word_1_128' title='bbox 697 2807 953 2892; x_wconf 89' lang='lat' dir='ltr'><strong>archiepiscopus</strong></span> <span class='ocrx_word' id='word_1_129' title='bbox 982 2807 1014 2871; x_wconf 94' lang='lat' dir='ltr'><strong>in</strong></span> <span class='ocrx_word' id='word_1_130' title='bbox 1038 2830 1115 2893; x_wconf 92' lang='lat' dir='ltr'><strong>pace</strong></span> <span class='ocrx_word' id='word_1_131' title='bbox 1144 2807 1253 2870; x_wconf 88' lang='lat' dir='ltr'><strong>redeat</strong></span> <span class='ocrx_word' id='word_1_132' title='bbox 1278 2806 1319 2869; x_wconf 87' lang='lat' dir='ltr'><strong>ad</strong></span> 
     </span>
     <span class='ocr_line' id='line_1_21' title="bbox 342 2908 1319 2994; baseline -0.003 -20"><span class='ocrx_word' id='word_1_133' title='bbox 342 2941 344 2945; x_wconf 59' lang='grc'>’</span> <span class='ocrx_word' id='word_1_134' title='bbox 366 2909 470 2975; x_wconf 91' lang='lat' dir='ltr'><strong>sedem</strong></span> <span class='ocrx_word' id='word_1_135' title='bbox 494 2931 596 2989; x_wconf 90' lang='lat' dir='ltr'><strong>suam,</strong></span> <span class='ocrx_word' id='word_1_136' title='bbox 611 2921 643 2973; x_wconf 92' lang='lat' dir='ltr'><strong>et</strong></span> <span class='ocrx_word' id='word_1_137' title='bbox 665 2909 814 2994; x_wconf 89' lang='lat' dir='ltr'><strong>disponat</strong></span> <span class='ocrx_word' id='word_1_138' title='bbox 830 2909 968 2973; x_wconf 88' lang='lat' dir='ltr'><strong>ecclesiae</strong></span> <span class='ocrx_word' id='word_1_139' title='bbox 991 2923 1023 2973; x_wconf 90' lang='lat' dir='ltr'><strong>et</strong></span> <span class='ocrx_word' id='word_1_140' title='bbox 1037 2909 1132 2971; x_wconf 90' lang='lat' dir='ltr'><strong>rebus</strong></span> <span class='ocrx_word' id='word_1_141' title='bbox 1154 2908 1228 2971; x_wconf 90' lang='lat' dir='ltr'><strong>suis.</strong></span> <span class='ocrx_word' id='word_1_142' title='bbox 1274 2909 1319 2971; x_wconf 92' lang='lat' dir='ltr'><strong>Et</strong></span> 
     </span>
     <span class='ocr_line' id='line_1_22' title="bbox 367 3009 1321 3096; baseline -0.003 -20"><span class='ocrx_word' id='word_1_143' title='bbox 367 3009 499 3094; x_wconf 88' lang='lat' dir='ltr'><strong>quiade</strong></span> <span class='ocrx_word' id='word_1_144' title='bbox 514 3010 799 3075; x_wconf 89' lang='lat' dir='ltr'><strong>consuetudinibus</strong></span> <span class='ocrx_word' id='word_1_145' title='bbox 817 3012 928 3096; x_wconf 86' lang='lat' dir='ltr'><strong>jurgia</strong></span> <span class='ocrx_word' id='word_1_146' title='bbox 943 3010 1063 3074; x_wconf 92' lang='lat' dir='ltr'><strong>diutius</strong></span> <span class='ocrx_word' id='word_1_147' title='bbox 1083 3021 1321 3094; x_wconf 86' lang='lat' dir='ltr'><strong>protraxerunt,</strong></span> 
     </span>
     <span class='ocr_line' id='line_1_23' title="bbox 366 3109 1320 3196; baseline -0.001 -20"><span class='ocrx_word' id='word_1_148' title='bbox 366 3112 448 3178; x_wconf 89' lang='lat' dir='ltr'><strong>dixit</strong></span> <span class='ocrx_word' id='word_1_149' title='bbox 464 3136 497 3177; x_wconf 89' lang='lat' dir='ltr'><strong>se</strong></span> <span class='ocrx_word' id='word_1_150' title='bbox 512 3124 545 3176; x_wconf 92' lang='lat' dir='ltr'><strong>et</strong></span> <span class='ocrx_word' id='word_1_151' title='bbox 567 3111 683 3177; x_wconf 93' lang='lat' dir='ltr'><strong>liberos</strong></span> <span class='ocrx_word' id='word_1_152' title='bbox 705 3136 778 3178; x_wconf 90' lang='lat' dir='ltr'><strong>suos</strong></span> <span class='ocrx_word' id='word_1_153' title='bbox 794 3112 856 3175; x_wconf 89' lang='lat' dir='ltr'><strong>illis</strong></span> <span class='ocrx_word' id='word_1_154' title='bbox 875 3109 949 3175; x_wconf 93' lang='lat' dir='ltr'><strong>solis</strong></span> <span class='ocrx_word' id='word_1_155' title='bbox 964 3133 1030 3174; x_wconf 91' lang='lat' dir='ltr'><strong>esse</strong></span> <span class='ocrx_word' id='word_1_156' title='bbox 1050 3121 1225 3190; x_wconf 75' lang='lat' dir='ltr'><strong>contentoS,</strong></span> <span class='ocrx_word' id='word_1_157' title='bbox 1240 3133 1320 3196; x_wconf 92' lang='lat' dir='ltr'><strong>quas</strong></span> 
     </span>
     <span class='ocr_line' id='line_1_24' title="bbox 364 3213 1321 3297; baseline -0.003 -18"><span class='ocrx_word' id='word_1_158' title='bbox 364 3229 573 3280; x_wconf 87' lang='lat' dir='ltr'><strong>antecessores</strong></span> <span class='ocrx_word' id='word_1_159' title='bbox 588 3237 662 3280; x_wconf 88' lang='lat' dir='ltr'><strong>suos</strong></span> <span class='ocrx_word' id='word_1_160' title='bbox 683 3213 831 3279; x_wconf 89' lang='lat' dir='ltr'><strong>habuisse</strong></span> <span class='ocrx_word' id='word_1_161' title='bbox 846 3213 1034 3292; x_wconf 87' lang='lat' dir='ltr'><strong>constiterit,</strong></span> <span class='ocrx_word' id='word_1_162' title='bbox 1050 3213 1234 3297; x_wconf 87' lang='lat' dir='ltr'><strong>juramento</strong></span> <span class='ocrx_word' id='word_1_163' title='bbox 1250 3236 1321 3276; x_wconf 91' lang='lat' dir='ltr'><strong>cen·</strong></span> 
     </span>
     <span class='ocr_line' id='line_1_25' title="bbox 366 3315 1320 3401; baseline -0.001 -21"><span class='ocrx_word' id='word_1_164' title='bbox 366 3329 433 3381; x_wconf 92' lang='lat' dir='ltr'><strong>tum</strong></span> <span class='ocrx_word' id='word_1_165' title='bbox 449 3317 616 3380; x_wconf 91' lang='lat' dir='ltr'><strong>hominum</strong></span> <span class='ocrx_word' id='word_1_166' title='bbox 633 3316 673 3380; x_wconf 89' lang='lat' dir='ltr'><strong>de</strong></span> <span class='ocrx_word' id='word_1_167' title='bbox 689 3315 816 3401; x_wconf 86' lang='lat' dir='ltr'><strong>Anglia,</strong></span> <span class='ocrx_word' id='word_1_168' title='bbox 827 3328 859 3379; x_wconf 89' lang='lat' dir='ltr'><strong>et</strong></span> <span class='ocrx_word' id='word_1_169' title='bbox 875 3328 1002 3379; x_wconf 91' lang='lat' dir='ltr'><strong>centum</strong></span> <span class='ocrx_word' id='word_1_170' title='bbox 1017 3315 1057 3378; x_wconf 91' lang='lat' dir='ltr'><strong>de</strong></span> <span class='ocrx_word' id='word_1_171' title='bbox 1070 3315 1276 3390; x_wconf 89' lang='lat' dir='ltr'><strong>Normannia,</strong></span> <span class='ocrx_word' id='word_1_172' title='bbox 1288 3327 1320 3379; x_wconf 90' lang='lat' dir='ltr'><strong>et</strong></span> 
     </span>
     <span class='ocr_line' id='line_1_26' title="bbox 365 3416 1321 3503; baseline -0.002 -21"><span class='ocrx_word' id='word_1_173' title='bbox 365 3431 492 3482; x_wconf 87' lang='lat' dir='ltr'><strong>centum</strong></span> <span class='ocrx_word' id='word_1_174' title='bbox 504 3417 545 3481; x_wconf 90' lang='lat' dir='ltr'><strong>de</strong></span> <span class='ocrx_word' id='word_1_175' title='bbox 562 3417 761 3503; x_wconf 87' lang='lat' dir='ltr'><strong>Andegavia,</strong></span> <span class='ocrx_word' id='word_1_176' title='bbox 774 3430 806 3482; x_wconf 90' lang='lat' dir='ltr'><strong>et</strong></span> <span class='ocrx_word' id='word_1_177' title='bbox 821 3417 891 3481; x_wconf 90' lang='lat' dir='ltr'><strong>aliis</strong></span> <span class='ocrx_word' id='word_1_178' title='bbox 906 3417 997 3481; x_wconf 90' lang='lat' dir='ltr'><strong>terris</strong></span> <span class='ocrx_word' id='word_1_179' title='bbox 1008 3416 1083 3481; x_wconf 80' lang='lat' dir='ltr'><strong>suis,</strong></span> <span class='ocrx_word' id='word_1_180' title='bbox 1115 3417 1147 3480; x_wconf 91' lang='lat' dir='ltr'><strong>Si</strong></span> <span class='ocrx_word' id='word_1_181' title='bbox 1163 3440 1238 3481; x_wconf 92' lang='lat' dir='ltr'><strong>vero</strong></span> <span class='ocrx_word' id='word_1_182' title='bbox 1253 3418 1321 3481; x_wconf 85' lang='lat' dir='ltr'><strong>haec</strong></span> 
     </span>
     <span class='ocr_line' id='line_1_27' title="bbox 365 3517 1320 3604; baseline 0 -22"><span class='ocrx_word' id='word_1_183' title='bbox 365 3517 504 3583; x_wconf 87' lang='lat' dir='ltr'><strong>conditio</strong></span> <span class='ocrx_word' id='word_1_184' title='bbox 526 3517 613 3604; x_wconf 84' lang='lat' dir='ltr'><strong>pacis</strong></span> <span class='ocrx_word' id='word_1_185' title='bbox 634 3517 875 3604; x_wconf 91' lang='lat' dir='ltr'><strong>archiepiscopo</strong></span> <span class='ocrx_word' id='word_1_186' title='bbox 895 3517 1105 3603; x_wconf 90' lang='lat' dir='ltr'><strong>displicuerit,</strong></span> <span class='ocrx_word' id='word_1_187' title='bbox 1121 3541 1153 3580; x_wconf 91' lang='lat' dir='ltr'><strong>se</strong></span> <span class='ocrx_word' id='word_1_188' title='bbox 1173 3532 1320 3602; x_wconf 90' lang='lat' dir='ltr'><strong>paratum</strong></span> 
     </span>
     <span class='ocr_line' id='line_1_28' title="bbox 365 3618 1321 3704; baseline 0 -19"><span class='ocrx_word' id='word_1_189' title='bbox 365 3642 433 3686; x_wconf 89' lang='lat' dir='ltr'><strong>esse</strong></span> <span class='ocrx_word' id='word_1_190' title='bbox 449 3618 534 3684; x_wconf 82' lang='lat' dir='ltr'><strong>dixit</strong></span> <span class='ocrx_word' id='word_1_191' title='bbox 549 3632 632 3684; x_wconf 89' lang='lat' dir='ltr'><strong>stare</strong></span> <span class='ocrx_word' id='word_1_192' title='bbox 647 3619 781 3684; x_wconf 91' lang='lat' dir='ltr'><strong>arbitrio</strong></span> <span class='ocrx_word' id='word_1_193' title='bbox 797 3621 893 3685; x_wconf 91' lang='lat' dir='ltr'><strong>trium</strong></span> <span class='ocrx_word' id='word_1_194' title='bbox 909 3619 1129 3704; x_wconf 90' lang='lat' dir='ltr'><strong>episcoporum</strong></span> <span class='ocrx_word' id='word_1_195' title='bbox 1142 3620 1277 3703; x_wconf 87' lang='lat' dir='ltr'><strong>Angliae,</strong></span> <span class='ocrx_word' id='word_1_196' title='bbox 1289 3633 1321 3685; x_wconf 91' lang='lat' dir='ltr'><strong>et</strong></span> 
     </span>
     <span class='ocr_line' id='line_1_29' title="bbox 368 3722 1322 3807; baseline 0 -20"><span class='ocrx_word' id='word_1_197' title='bbox 368 3723 466 3788; x_wconf 87' lang='lat' dir='ltr'><strong>trium</strong></span> <span class='ocrx_word' id='word_1_198' title='bbox 482 3723 748 3801; x_wconf 72' lang='lat' dir='ltr'><strong>cismarinorum,</strong></span> <span class='ocrx_word' id='word_1_199' title='bbox 764 3723 912 3788; x_wconf 87' lang='lat' dir='ltr'><strong>videlicet</strong></span> <span class='ocrx_word' id='word_1_200' title='bbox 935 3722 1212 3807; x_wconf 86' lang='lat' dir='ltr'><strong>Rothomagensis,</strong></span> <span class='ocrx_word' id='word_1_201' title='bbox 1229 3724 1322 3787; x_wconf 91' lang='lat' dir='ltr'><strong>Baio-</strong></span> 
     </span>
     <span class='ocr_line' id='line_1_30' title="bbox 366 3821 1323 3905; baseline 0.002 -19"><span class='ocrx_word' id='word_1_202' title='bbox 366 3823 478 3899; x_wconf 89' lang='lat' dir='ltr'><strong>censis,</strong></span> <span class='ocrx_word' id='word_1_203' title='bbox 490 3834 523 3887; x_wconf 91' lang='lat' dir='ltr'><strong>et</strong></span> <span class='ocrx_word' id='word_1_204' title='bbox 540 3823 798 3889; x_wconf 86' lang='lat' dir='ltr'><strong>Cenomanensis.</strong></span> <span class='ocrx_word' id='word_1_205' title='bbox 829 3822 923 3898; x_wconf 86' lang='lat' dir='ltr'><strong>Quod</strong></span> <span class='ocrx_word' id='word_1_206' title='bbox 939 3822 966 3885; x_wconf 93' lang='lat' dir='ltr'><strong>si</strong></span> <span class='ocrx_word' id='word_1_207' title='bbox 979 3845 1036 3885; x_wconf 89' lang='lat' dir='ltr'><strong>nec</strong></span> <span class='ocrx_word' id='word_1_208' title='bbox 1050 3821 1136 3885; x_wconf 90' lang='lat' dir='ltr'><strong>istud</strong></span> <span class='ocrx_word' id='word_1_209' title='bbox 1154 3824 1323 3905; x_wconf 85' lang='lat' dir='ltr'><strong>suffecerit,</strong></span> 
     </span>
     <span class='ocr_line' id='line_1_31' title="bbox 371 3922 1322 4010; baseline 0.004 -24"><span class='ocrx_word' id='word_1_210' title='bbox 371 3922 490 3987; x_wconf 91' lang='lat' dir='ltr'><strong>domini</strong></span> <span class='ocrx_word' id='word_1_211' title='bbox 505 3947 599 4008; x_wconf 88' lang='lat' dir='ltr'><strong>papae</strong></span> <span class='ocrx_word' id='word_1_212' title='bbox 617 3923 743 4010; x_wconf 85' lang='lat' dir='ltr'><strong>judicio</strong></span> <span class='ocrx_word' id='word_1_213' title='bbox 763 3924 871 3999; x_wconf 90' lang='lat' dir='ltr'><strong>stabit,</strong></span> <span class='ocrx_word' id='word_1_214' title='bbox 888 3947 925 3986; x_wconf 89' lang='lat' dir='ltr'><strong>eo</strong></span> <span class='ocrx_word' id='word_1_215' title='bbox 945 3922 1031 3985; x_wconf 89' lang='lat' dir='ltr'><strong>salvo</strong></span> <span class='ocrx_word' id='word_1_216' title='bbox 1047 3938 1083 3986; x_wconf 91' lang='lat' dir='ltr'><strong>ut</strong></span> <span class='ocrx_word' id='word_1_217' title='bbox 1103 3946 1164 3986; x_wconf 91' lang='lat' dir='ltr'><strong>non</strong></span> <span class='ocrx_word' id='word_1_218' title='bbox 1182 3925 1322 3990; x_wconf 79' lang='lat' dir='ltr'><strong>exlraere-</strong></span> 
     </span>
     <span class='ocr_line' id='line_1_32' title="bbox 369 4023 1324 4111; baseline 0.004 -24"><span class='ocrx_word' id='word_1_219' title='bbox 369 4023 486 4089; x_wconf 89' lang='lat' dir='ltr'><strong>dentur</strong></span> <span class='ocrx_word' id='word_1_220' title='bbox 501 4023 593 4089; x_wconf 90' lang='lat' dir='ltr'><strong>liberi</strong></span> <span class='ocrx_word' id='word_1_221' title='bbox 617 4026 695 4111; x_wconf 86' lang='lat' dir='ltr'><strong>ejus.</strong></span> <span class='ocrx_word' id='word_1_222' title='bbox 741 4024 824 4089; x_wconf 92' lang='lat' dir='ltr'><strong>Nam</strong></span> <span class='ocrx_word' id='word_1_223' title='bbox 846 4025 879 4088; x_wconf 92' lang='lat' dir='ltr'><strong>in</strong></span> <span class='ocrx_word' id='word_1_224' title='bbox 896 4025 1008 4089; x_wconf 89' lang='lat' dir='ltr'><strong>diebus</strong></span> <span class='ocrx_word' id='word_1_225' title='bbox 1031 4025 1096 4087; x_wconf 92' lang='lat' dir='ltr'><strong>suis</strong></span> <span class='ocrx_word' id='word_1_226' title='bbox 1115 4025 1207 4089; x_wconf 87' lang='lat' dir='ltr'><strong>facile</strong></span> <span class='ocrx_word' id='word_1_227' title='bbox 1230 4027 1324 4091; x_wconf 90' lang='lat' dir='ltr'><strong>susti-</strong></span> 
     </span>
     <span class='ocr_line' id='line_1_33' title="bbox 367 4127 1323 4214; baseline 0.006 -25"><span class='ocrx_word' id='word_1_228' title='bbox 367 4127 465 4207; x_wconf 90' lang='lat' dir='ltr'><strong>nebit,</strong></span> <span class='ocrx_word' id='word_1_229' title='bbox 495 4140 532 4192; x_wconf 90' lang='lat' dir='ltr'><strong>ut</strong></span> <span class='ocrx_word' id='word_1_230' title='bbox 570 4127 719 4192; x_wconf 90' lang='lat' dir='ltr'><strong>dominus</strong></span> <span class='ocrx_word' id='word_1_231' title='bbox 749 4151 842 4213; x_wconf 90' lang='lat' dir='ltr'><strong>papa,</strong></span> <span class='ocrx_word' id='word_1_232' title='bbox 874 4151 960 4212; x_wconf 89' lang='lat' dir='ltr'><strong>quas</strong></span> <span class='ocrx_word' id='word_1_233' title='bbox 988 4127 1134 4207; x_wconf 91' lang='lat' dir='ltr'><strong>voluerit,</strong></span> <span class='ocrx_word' id='word_1_234' title='bbox 1163 4131 1323 4214; x_wconf 89' lang='lat' dir='ltr'><strong>reprobet.</strong></span> 
     </span>
     <span class='ocr_line' id='line_1_34' title="bbox 369 4228 1323 4314; baseline 0.001 -22"><span class='ocrx_word' id='word_1_235' title='bbox 369 4228 551 4305; x_wconf 71' lang='lat' dir='ltr'><strong>Quaesitum</strong></span> <span class='ocrx_word' id='word_1_236' title='bbox 572 4241 619 4293; x_wconf 89' lang='lat' dir='ltr'><strong>est</strong></span> <span class='ocrx_word' id='word_1_237' title='bbox 642 4230 683 4294; x_wconf 95' lang='lat' dir='ltr'><strong>ab</strong></span> <span class='ocrx_word' id='word_1_238' title='bbox 704 4253 753 4306; x_wconf 89' lang='lat' dir='ltr'><strong>eo,</strong></span> <span class='ocrx_word' id='word_1_239' title='bbox 768 4229 921 4314; x_wconf 88' lang='lat' dir='ltr'><strong>quidnam</strong></span> <span class='ocrx_word' id='word_1_240' title='bbox 946 4229 1181 4314; x_wconf 86' lang='lat' dir='ltr'><strong>archiepiscopo</strong></span> <span class='ocrx_word' id='word_1_241' title='bbox 1204 4248 1236 4292; x_wconf 89' lang='lat' dir='ltr'><strong>et</strong></span> <span class='ocrx_word' id='word_1_242' title='bbox 1259 4231 1323 4294; x_wconf 90' lang='lat' dir='ltr'><strong>suis</strong></span> 
     </span>
     <span class='ocr_line' id='line_1_35' title="bbox 370 4329 1323 4417; baseline 0.002 -25"><span class='ocrx_word' id='word_1_243' title='bbox 370 4329 515 4396; x_wconf 87' lang='lat' dir='ltr'><strong>facturus</strong></span> <span class='ocrx_word' id='word_1_244' title='bbox 537 4343 607 4397; x_wconf 84' lang='lat' dir='ltr'><strong>erat</strong></span> <span class='ocrx_word' id='word_1_245' title='bbox 621 4331 662 4395; x_wconf 91' lang='lat' dir='ltr'><strong>de</strong></span> <span class='ocrx_word' id='word_1_246' title='bbox 686 4333 897 4404; x_wconf 89' lang='lat' dir='ltr'><strong>restitutione,</strong></span> <span class='ocrx_word' id='word_1_247' title='bbox 914 4355 987 4417; x_wconf 85' lang='lat' dir='ltr'><strong>quae</strong></span> <span class='ocrx_word' id='word_1_248' title='bbox 1011 4331 1136 4414; x_wconf 89' lang='lat' dir='ltr'><strong>abipso</strong></span> <span class='ocrx_word' id='word_1_249' title='bbox 1158 4333 1277 4416; x_wconf 86' lang='lat' dir='ltr'><strong>petitur</strong></span> <span class='ocrx_word' id='word_1_250' title='bbox 1292 4343 1323 4394; x_wconf 92' lang='lat' dir='ltr'><strong>et</strong></span> 
     </span>
     <span class='ocr_line' id='line_1_36' title="bbox 368 4430 1325 4516; baseline 0 -22"><span class='ocrx_word' id='word_1_251' title='bbox 368 4430 518 4498; x_wconf 90' lang='lat' dir='ltr'><strong>debetur.</strong></span> <span class='ocrx_word' id='word_1_252' title='bbox 563 4436 608 4498; x_wconf 83' lang='lat' dir='ltr'><strong>At</strong></span> <span class='ocrx_word' id='word_1_253' title='bbox 628 4433 680 4497; x_wconf 91' lang='lat' dir='ltr'><strong>ille</strong></span> <span class='ocrx_word' id='word_1_254' title='bbox 696 4433 871 4516; x_wconf 90' lang='lat' dir='ltr'><strong>respondit,</strong></span> <span class='ocrx_word' id='word_1_255' title='bbox 886 4433 959 4516; x_wconf 92' lang='lat' dir='ltr'><strong>quia</strong></span> <span class='ocrx_word' id='word_1_256' title='bbox 980 4432 1070 4507; x_wconf 93' lang='lat' dir='ltr'><strong>nihil,</strong></span> <span class='ocrx_word' id='word_1_257' title='bbox 1088 4433 1201 4514; x_wconf 86' lang='lat' dir='ltr'><strong>jurans</strong></span> <span class='ocrx_word' id='word_1_258' title='bbox 1217 4431 1325 4495; x_wconf 89' lang='lat' dir='ltr'><strong>multis</strong></span> 
     </span>
    </p>
   </div>
   <div class='ocr_carea' id='block_1_3' title="bbox 0 0 1707 5525">
    <p class='ocr_par' dir='ltr' id='par_1_4' title="bbox 0 0 1707 5525">
     <span class='ocr_line' id='line_1_37' title="bbox 0 0 1707 5525; baseline 0 0"><span class='ocrx_word' id='word_1_259' title='bbox 0 0 1707 5525; x_wconf 95' lang='lat' dir='ltr'><strong> </strong></span> 
     </span>
    </p>
   </div>
  </div>
 </body>
</html>
