3384 5525
363 792 426 851 204
641 804 776 847 ioannis
792 800 1071 845 sanusuuuruusrs
1222 781 1266 861 [n.
1286 802 1315 844 n.

363 951 569 1018 confoederati
597 967 671 1018 sunt
699 952 851 1016 adversus
877 972 985 1013 omnes
1011 950 1164 1029 homines,
1190 952 1316 1035 adjecto

363 1080 403 1120 ex
426 1068 516 1141 parte
540 1055 719 1140 utriusque,
744 1054 832 1118 salvo
854 1077 892 1116 eo
915 1053 1002 1139 quod
1025 1052 1121 1116 debet
1145 1051 1314 1125 Ricardus‚

362 1157 446 1220 lilius
461 1156 544 1240 regis
560 1157 694 1240 Angliae,
709 1154 806 1218 filiam
822 1156 906 1239 regis
926 1155 1122 1217 Francorum
1147 1153 1214 1217 sine
1238 1154 1313 1219 dote

364 1255 478 1321 ducere
505 1279 647 1319 uxorem.
698 1258 834 1319 Secretae
860 1253 1074 1339 obligationis,
1099 1255 1194 1340 cujus
1220 1278 1317 1340 supra
1396 1256 1399 1265 '

364 1358 503 1434 memini,
519 1358 551 1421 in
567 1358 659 1421 linem
685 1358 816 1421 alterius
837 1358 911 1421 anni
935 1357 1034 1421 dilata
1055 1371 1103 1421 est
1127 1358 1318 1444 propalatio,

364 1482 414 1533 ue,
442 1459 468 1522 si
495 1459 724 1543 praecognitum
751 1457 848 1523 fuerit
881 1458 968 1542 quod
999 1471 1166 1536 tractatur,
1194 1458 1317 1522 facilius

364 1560 467 1624 valeat
485 1559 642 1645 impediri.
688 1559 885 1625 Teutonicus
907 1572 1073 1645 tyrannus,
1088 1558 1219 1623 consilio
1243 1583 1317 1645 pru·

365 1661 498 1725 dentum
521 1660 621 1745 partis
643 1684 721 1738 suae,
737 1662 868 1725 abbates
891 1661 1131 1728 cisterciensem
1154 1674 1187 1725 et
1212 1662 1318 1725 Clare·

365 1762 532 1827 vallensem
548 1762 674 1840 accivit,
689 1785 762 1825 cum
784 1762 822 1825 iis
838 1777 869 1826 et
893 1786 949 1848 per
971 1786 1035 1841 eos,
1050 1778 1086 1827 ut
1107 1763 1261 1841 creditur,
1277 1763 1317 1827 de

365 1887 442 1951 pace
456 1862 594 1927 ecclesiae
610 1875 811 1927 tractaturus.

366 2179 584 2243 EPISTOLA
613 2176 964 2242 cccxxxvi-an
986 2196 1141 2240 sinouuu
1164 2196 1316 2241 rurounu

380 2301 422 2343 un
440 2297 554 2341 nouru
568 2297 623 2341 nm
643 2298 682 2341 ur
700 2297 950 2341 auomuuurou
967 2297 1010 2341 uu
1027 2297 1134 2341 vunnu
1149 2298 1175 2343 s.
1191 2298 1300 2342 curm.

659 2378 744 2457 [mu.
763 2384 855 2441 1169.
879 2402 921 2442 m.
937 2379 1034 2464 dura]

373 2540 605 2604 Venerabilibus
619 2540 755 2599 dominis
769 2544 800 2599 et
822 2538 933 2599 amicis
952 2538 1055 2618 priori
1070 2538 1109 2599 de
1123 2544 1230 2600 monte
1244 2538 1314 2611 Dei,

407 2650 438 2705 et
452 2643 491 2704 de
504 2640 586 2703 colle
602 2640 718 2700 Sancti
729 2641 821 2701 Petri
832 2660 913 2701 suus
927 2639 1073 2701 Jounnes
1089 2639 1212 2702 Sorech.
1229 2640 1314 2702 solu·

407 2753 468 2808 tem
484 2750 515 2806 et
530 2745 677 2805 incuuro
692 2739 758 2803 Dei
771 2742 967 2822 prosperari.

409 2884 541 2945 Pornsr
557 2888 662 2940 vestra
678 2875 854 2938 meminisse
870 2875 1031 2951 discretio,
1047 2879 1137 2961 quod
1152 2899 1317 2963 nunquam

366 2984 495 3047 domino
517 2983 671 3047 Cantuar.
694 2977 815 3062 placuit
839 2988 874 3040 ut
896 2977 1060 3062 apostolici
1076 2978 1218 3043 mandati
1241 2981 1317 3043 lines

366 3087 483 3171 exequi
506 3082 686 3157 differretis,
715 3079 880 3165 adquievit
905 3092 1009 3143 tamen
1039 3081 1128 3144 fratri
1153 3081 1317 3146 Bernardo

367 3206 529 3248 successus
544 3181 698 3245 feliciores
714 3180 922 3264 promittenti,
940 3180 965 3243 si
981 3204 1083 3266 usque
1102 3185 1135 3245 in
1151 3181 1239 3246 aliud
1255 3182 1317 3247 col-

368 3283 512 3366 loquium
528 3279 725 3344 dcliberandi
748 3283 890 3364 spacium
907 3283 975 3363 regi
989 3279 1220 3366 indulgeretur.
1246 3281 1319 3344 Pol-

367 3383 524 3448 licebatur
548 3379 630 3442 enim
652 3380 847 3444 ferocitatem
871 3381 1006 3444 hominis
1028 3383 1155 3446 interim
1178 3384 1210 3445 in
1232 3405 1319 3446 mau-

367 3483 567 3550 suetudinem
583 3479 838 3544 convertendam.
885 3482 946 3545 sed
962 3505 1032 3546 ecce
1049 3507 1088 3546 ex
1110 3482 1224 3547 litteris
1239 3508 1319 3570 quas

367 3607 469 3669 nuper
484 3581 590 3665 accepi
605 3581 676 3643 luce
691 3578 807 3644 clarius
823 3595 911 3666 patet
928 3584 1002 3668 quia
1018 3598 1049 3648 et
1065 3584 1182 3668 legatio
1198 3586 1318 3650 domini

367 3685 573 3753 Pictavicnsis
605 3698 774 3767 procurata
805 3695 853 3747 est
882 3683 913 3747 in
945 3685 1090 3749 fraudem
1120 3687 1260 3752 ecclesiae
1287 3701 1318 3750 et

367 3800 517 3852 nostram.
564 3785 609 3847 Et
637 3783 757 3846 utinam
776 3783 844 3868 ipsa
870 3784 982 3848 dilatio
1002 3809 1063 3849 non
1092 3787 1241 3852 habuerit
1262 3788 1317 3851 do-

368 3890 453 3953 lum:
476 3908 549 3948 nam
574 3884 634 3946 hoc
652 3884 696 3946 rei
721 3883 826 3947 exitus
852 3885 1038 3965 declarabit,
1061 3886 1137 3950 dum
1166 3911 1223 3951 nos
1247 3912 1318 3974 pro·

367 3989 493 4051 missam
510 3998 715 4070 expectamus
732 3987 1319 4075 mansuetudinem,illesollicitusagit

366 4087 527 4176 quomodo
550 4088 698 4147 honorem
726 4086 785 4149 Dei
813 4088 957 4167 subruat,
980 4104 1011 4154 et
1040 4104 1137 4155 totam
1154 4092 1319 4156 subvertat

365 4190 503 4256 ecclesiae
532 4188 723 4251 libertatem.
784 4188 903 4264 Quidni
926 4190 1063 4254 laceret?
1088 4192 1321 4276 Exploraverat

366 4294 450 4357 vires
465 4302 599 4367 nostras,
622 4301 654 4350 et
676 4287 845 4372 iniquitate
869 4313 926 4353 sua
942 4291 1018 4370 (non
1042 4292 1128 4374 dico)
1151 4309 1320 4369 meruerat,

367 4394 515 4481 quoniam
526 4390 641 4455 falsum
652 4403 710 4465 est,
721 4390 774 4454 sed
788 4391 990 4476 subripuerat
1002 4394 1141 4457 favorem
1158 4396 1315 4459 omnium:
1415 4448 1423 4458 ,
