3384 5525
385 784 489 862 nou]
778 803 956 848 amsronm.
1270 791 1332 848 218

377 951 434 1016 bus
445 953 512 1019 suis
528 965 560 1017 et
574 954 833 1019 tribulationibus
844 955 931 1040 ejus:
955 954 1011 1019 sed
1026 956 1067 1019 ab
1077 957 1123 1018 eis
1135 953 1327 1040 stipendium

374 1056 493 1141 accepit
517 1055 558 1119 ad
581 1056 791 1120 ministerium
814 1055 942 1141 quietis,
961 1056 1126 1136 libertatis,
1146 1056 1274 1119 honoris
1296 1069 1326 1120 et

373 1156 483 1240 gloriae
497 1171 621 1223 vestrae.
668 1160 741 1222 Nou
757 1157 844 1244 quod
861 1158 1060 1223 tenacitatem
1077 1171 1134 1222 aut
1149 1157 1327 1221 inhumani-

373 1268 470 1322 tatem
487 1272 622 1324 vestram
645 1283 800 1335 accusem,
817 1260 887 1323 haec
908 1260 1023 1337 scribo,
1039 1259 1115 1346 quia
1138 1257 1218 1325 forte
1233 1283 1326 1325 occu-

372 1362 438 1443 pati
452 1361 560 1441 eratis,
572 1360 625 1425 sed
643 1374 679 1425 ut
694 1362 808 1424 fratres
818 1360 996 1424 carissimos
1010 1383 1133 1435 moneo,
1145 1373 1180 1425 ut
1197 1361 1324 1425 taudem

372 1458 545 1544 aliquando
570 1461 603 1527 in
628 1462 780 1547 operibus
803 1460 944 1525 caritatis
970 1462 1137 1525 reviviscat
1160 1474 1193 1525 et
1217 1460 1325 1526 floreat

371 1561 450 1626 fides
477 1576 599 1628 vestra:
634 1577 672 1629 ut
698 1587 785 1650 pace,
810 1584 910 1650 quam
937 1585 1098 1649 speramus
1123 1564 1155 1625 in
1180 1563 1327 1648 proximo

370 1664 553 1745 reformata,
562 1687 624 1729 non
637 1666 844 1731 erubescatis:
869 1663 922 1729 sed
935 1665 1075 1729 fructum
1087 1663 1229 1728 caritatis
1238 1664 1327 1726 exhi-

372 1763 459 1843 bitae,
481 1789 555 1830 cum
577 1766 686 1830 fenore
709 1765 879 1851 multiplici
903 1764 1061 1850 recipiatis
1090 1766 1122 1827 in
1154 1763 1266 1828 laetitia
1294 1776 1327 1827 et

372 1867 577 1933 exultatione.
602 1870 696 1934 Venit
709 1871 792 1933 enim
805 1867 957 1952 temporis
966 1866 1187 1953 plenitudo,ut
1200 1867 1326 1931 Satanae

371 1991 432 2031 uon
455 1970 548 2033 liceat
573 1969 710 2034 ulterius
730 1980 819 2033 tanto
842 1970 951 2032 furore
974 1968 1005 2032 in
1028 1967 1188 2031 ecclesiam
1210 1967 1325 2031 debac-

370 2071 476 2135 chari:
505 2088 537 2135 et
552 2085 642 2158 pater
658 2083 760 2136 vester
775 2084 964 2155 potestatem
986 2070 1107 2155 accepit
1131 2094 1150 2135 a
1174 2069 1325 2145 Domino,

372 2184 407 2237 ut
424 2190 522 2257 possrt

476 2354 588 2409 Parcere
600 2357 723 2427 subjectis
735 2362 761 2410 et
773 2356 904 2410 debellare
915 2358 1046 2429 superbos.

369 2482 504 2546 Utinam
528 2482 655 2548 videant
671 2485 755 2550 oculi
777 2485 838 2549 mei
861 2508 917 2549 vos
939 2507 1006 2573 prae
1027 2486 1139 2549 ceteris
1153 2485 1193 2548 de
1212 2486 1325 2550 merito

369 2582 533 2648 nobilitari
547 2604 639 2668 posse
653 2584 686 2648 iu
702 2586 919 2651 consolatione
938 2600 1117 2651 sanctorum
1132 2588 1325 2673 compatien-

369 2683 450 2748 tium
467 2685 569 2749 nobis.
599 2686 731 2750 Utinam
744 2710 801 2751 vos
815 2691 926 2753 artiori
937 2688 1078 2754 caritatis
1087 2689 1214 2753 viuculo
1227 2690 1326 2752 socios

366 2787 479 2871 gaudii
499 2789 599 2852 nostri
614 2789 645 2852 in
668 2789 775 2853 reditu
798 2794 1038 2876 amplectamur.
1084 2793 1217 2857 Utinam
1240 2812 1325 2853 nunc

367 2903 474 2953 vestra
488 2889 654 2974 diligentia
669 2893 800 2956 seminet
816 2893 849 2955 in
865 2894 1014 2957 ariditate
1034 2894 1245 2976 indigentium
1260 2891 1325 2953 fra·

367 3005 465 3067 trum,
493 3006 525 3056 et
551 2994 689 3057 maxime
715 2998 748 3059 in
774 2995 870 3058 corde
894 2995 998 3059 Patris
1024 2997 1120 3058 vestri
1147 3015 1228 3078 quos
1251 3005 1324 3077 post

366 3095 500 3159 modum
522 3096 648 3160 metatis
671 3098 705 3161 in
728 3098 858 3183 gaudio.
904 3096 999 3162 Scitis
1023 3097 1097 3181 quis
1112 3095 1241 3174 dixerit,
1256 3091 1324 3167 Qui

365 3218 460 3281 parce
483 3196 626 3277 seminat,
642 3221 736 3284 parce
759 3211 789 3263 et
805 3211 914 3278 metet,
929 3199 1035 3284 etqui
1049 3197 1082 3261 in
1105 3195 1324 3262 benedictione

366 3298 511 3378 seminat,
533 3300 574 3362 de
596 3300 814 3366 benedictione
838 3313 870 3366 et
892 3313 1000 3366 metet.
1046 3300 1158 3374 Quid?
1188 3299 1324 3385 inquies,

367 3423 440 3464 cum
462 3402 567 3486 gratia
587 3404 753 3489 temporali
776 3405 874 3468 vitam
897 3417 1059 3468 aeternam.
1105 3402 1167 3467 Sed
1189 3403 1323 3465 fortasse

366 3504 590 3589 pertimescitis
600 3506 701 3569 minas
717 3505 935 3570 insidiantium
952 3519 984 3570 et
995 3505 1220 3570 intentantium
1237 3503 1324 3567 labo-

365 3627 414 3670 res
429 3619 463 3670 et
477 3606 612 3684 dolores,
629 3622 666 3672 ut
681 3631 744 3671 non
760 3608 904 3673 audeatis
919 3609 1007 3693 quod
1025 3620 1152 3694 tempus
1166 3606 1278 3690 exigit,
1291 3620 1324 3670 et

365 3706 507 3771 ecclesiae
527 3706 670 3793 deposcit
690 3711 870 3789 necessitas,
891 3709 1071 3793 lachrymis,
1086 3709 1252 3785 seminare,
1268 3705 1324 3770 sed

366 3809 511 3894 prolecto
520 3810 586 3873 fere
599 3809 668 3888 soli,
682 3812 737 3896 qui
750 3812 908 3875 seminant
916 3812 949 3874 in
963 3809 1145 3895 lachrymis,
1156 3810 1187 3873 in
1203 3809 1324 3894 gaudio

366 3924 497 3975 metent.
544 3912 635 3975 Nihil
664 3924 712 3977 est
743 3913 830 3997 quod
862 3913 953 3976 vobis
984 3912 1123 3976 defuerit
1151 3911 1321 3984 hactenus;

365 4012 561 4097 opulentiam
577 4026 609 4077 et
625 4014 777 4099 quietem,
792 4014 861 4078 aliis
876 4014 917 4078 de
932 4027 1072 4099 egestate
1092 4027 1123 4078 et
1142 4013 1251 4077 labore
1266 4034 1326 4097 pro

366 4113 549 4177 defensione
565 4114 704 4179 ecclesioe
725 4116 956 4194 laborantibus,
972 4116 1080 4181 divina
1101 4117 1205 4201 gratia
1219 4114 1326 4179 minis-

367 4217 484 4280 travit:
513 4239 598 4279 nunc
615 4217 743 4281 demum
766 4218 791 4281 si
806 4219 942 4305 placeat,
959 4233 990 4283 et
1011 4231 1124 4284 vestrae
1144 4214 1326 4282 discretioni

365 4318 471 4382 visum
486 4319 539 4397 sit,
549 4331 587 4382 ut
598 4322 846 4405 compassionem
858 4321 1009 4400 caritatis,
1018 4343 1114 4406 quam
1128 4313 1326 4383 tribulationi

362 4419 505 4485 fratrum
521 4421 629 4485 verbis
638 4422 762 4507 jugiter
779 4423 992 4508 praetendistis
1014 4423 1209 4486 exhibitione
1224 4415 1327 4501 operis
