3384 5525
276 788 392 863 1169]
664 803 843 849 ammona.
1169 790 1232 852 208

272 968 377 1041 parte,
400 954 489 1019 velut
511 954 653 1018 inimicas
675 952 793 1017 divinae
815 953 890 1037 legi,
914 966 1036 1019 constat
1059 977 1078 1019 a
1100 955 1230 1021 domino

270 1079 355 1143 papa
370 1058 606 1136 condemnatos,
617 1059 676 1139 qui
690 1076 763 1119 eum
781 1055 913 1119 Senonis
927 1056 968 1119 ab
979 1078 1090 1120 earum
1101 1069 1229 1124 extorta

272 1159 482 1244 promissione
496 1158 643 1222 absolvit.
690 1159 863 1238 Caeterum,
877 1158 903 1221 si
921 1158 1019 1242 juxta
1042 1161 1227 1225 mandatum

273 1261 484 1346 apostolicum
500 1258 649 1323 dominus
663 1280 720 1322 rex
740 1280 850 1343 pacem
871 1273 904 1324 et
926 1260 1061 1342 gratiam
1078 1261 1229 1339 ccclesiae,

275 1377 306 1427 et
331 1362 392 1427 sibi
418 1375 450 1426 et
477 1362 542 1425 suis
567 1360 676 1426 ablata
701 1360 888 1440 reddiderit,
914 1361 996 1426 dixit
1023 1385 1056 1425 se
1081 1377 1228 1446 paratum

275 1463 389 1539 redire,
405 1476 436 1527 et
452 1463 613 1528 facturum
637 1462 791 1546 quicquid
815 1462 1071 1549 archiepiscopus
1089 1466 1229 1532 Cantua·

275 1565 386 1629 riensis
409 1565 504 1631 debet
519 1564 599 1649 regi,
613 1564 751 1650 principi
774 1577 806 1628 et
830 1564 958 1628 domino
981 1587 1056 1630 suo:
1087 1565 1228 1651 alioquin

275 1690 307 1730 se
332 1666 372 1730 de
390 1680 508 1732 caetero
534 1688 667 1729 usurum
691 1679 849 1751 potestate
865 1680 969 1731 suaet
988 1668 1063 1752 jure
1078 1671 1111 1732 in
1133 1668 1227 1733 male-

274 1768 410 1832 factores
425 1768 564 1832 ecclesiae
579 1782 610 1831 et
621 1790 695 1831 suos
710 1781 743 1832 et
759 1790 902 1832 suorum.
918 1772 988 1833 Rex
1004 1791 1089 1846 vero,
1104 1769 1231 1855 religio·

276 1893 381 1933 sorum
420 1883 453 1934 et
487 1891 676 1954 magnorum
711 1869 853 1932 virorum
892 1882 1034 1934 arctatus
1067 1871 1230 1949 instantia,

275 1971 442 2058 respondit
458 1994 490 2034 se
512 1974 545 2035 in
567 1970 657 2034 brevi
681 1984 887 2034 evocaturum
913 1971 1077 2059 episcopos
1091 1973 1228 2058 Angliae,

274 2094 414 2156 quorum
437 2071 598 2158 praecipue
618 2071 748 2134 consilio
772 2071 926 2136 hactenus
942 2096 1018 2137 usus
1040 2087 1087 2138 est
1112 2074 1143 2137 in
1169 2075 1229 2139 hac

274 2196 390 2248 causa;
415 2172 606 2259 rogavitque
623 2195 661 2235 ne
677 2172 895 2257 responsiones
910 2197 977 2239 sum
992 2175 1121 2241 domino
1136 2199 1229 2263 papae

274 2269 496 2339 scriberentur.
556 2274 617 2338 Sed
649 2275 725 2359 quia
753 2273 827 2352 illae,
859 2289 895 2341 ut
925 2277 1047 2343 dictum
1076 2292 1135 2356 est,
1166 2302 1230 2345 non

273 2377 477 2442 cohaerebant
499 2376 570 2453 sibi,
591 2377 661 2442 vice
684 2399 774 2440 versa
796 2389 926 2462 rogatus
948 2392 994 2443 est
1017 2403 1036 2443 a
1060 2381 1137 2447 viris
1158 2382 1231 2447 reli.

273 2479 373 2563 giosis
403 2491 440 2542 ut
466 2480 505 2542 iis
534 2479 721 2565 patentibus
748 2478 847 2542 literis
872 2481 1023 2545 scriberet
1052 2484 1141 2569 quod
1170 2508 1230 2571 pro

273 2584 461 2657 reverentia,
472 2583 620 2667 precibus
631 2594 663 2645 et
675 2593 837 2667 praecepto
848 2581 969 2647 domini
980 2606 1074 2670 papae
1084 2586 1230 2652 facturus

274 2696 355 2764 erat,
370 2705 468 2770 seque
485 2697 595 2770 postea
619 2682 707 2770 quod
731 2696 893 2768 oporteret
915 2685 1089 2773 scripturos
1112 2688 1230 2774 promi-

275 2800 395 2852 serum.
449 2788 522 2864 Qua
546 2787 600 2850 ille
629 2786 783 2872 petitione
813 2787 991 2872 perculsus,
1017 2790 1059 2853 ab
1088 2790 1126 2854 iis
1155 2812 1230 2854 cum

273 2887 494 2972 indignatione
523 2888 660 2952 recessit.
714 2888 861 2952 Fratrem
891 2900 996 2952 tamen
1028 2888 1229 2954 Bernardum

275 2989 405 3051 trahens
425 2988 458 3051 in
481 3000 618 3073 partem,
632 2987 715 3052 dixit
738 3011 770 3050 se
794 3009 869 3051 cum
891 2987 1092 3053 festinatione
1108 2989 1229 3056 iturum

275 3089 317 3153 ad
348 3089 512 3153 Grandem
546 3103 698 3169 montem,
728 3101 760 3152 et
794 3087 974 3173 pariturum
1004 3088 1162 3155 voluntati
1196 3104 1229 3157 et

275 3190 427 3255 mandato
436 3189 580 3275 magistri
591 3190 650 3275 qui
661 3189 778 3255 ibidem
789 3188 944 3253 fratribus
954 3202 1077 3274 praeest.
1104 3193 1230 3258 Interea

276 3293 403 3356 venient
429 3291 568 3378 episcopi
595 3295 634 3356 de
661 3292 793 3376 Anglia,
818 3304 850 3355 et
878 3304 967 3370 tunc,
992 3305 1121 3358 auctore
1146 3299 1230 3374 Deo,

279 3393 373 3457 simul
389 3416 454 3479 pax
470 3394 706 3457 reformabitur.

320 3498 402 3560 Haec
416 3496 470 3559 ille
484 3496 578 3560 fratri
601 3495 786 3569 Bernardo;
818 3496 874 3559 sed
889 3497 923 3559 in
938 3496 1072 3562 veritate
1085 3499 1229 3572 nuncios,

276 3621 357 3684 quos
387 3599 524 3662 Romam
551 3598 692 3674 miserat,
718 3597 933 3682 praestolatur.
990 3600 1229 3665 Consuluerunt

277 3716 382 3766 tamen
407 3701 466 3763 viri
488 3700 629 3785 religiosi
651 3699 899 3784 archiepiscopo,
923 3712 957 3763 ut
981 3722 1124 3784 personae
1146 3702 1230 3788 regis

274 3819 306 3867 et
318 3815 412 3867 terrae
428 3816 582 3889 parceret,
592 3802 693 3865 donec
704 3801 907 3886 exploratum
922 3802 963 3865 sit
978 3824 1072 3887 quem
1084 3803 1229 3870 fructum

276 3906 370 3969 saciet
401 3905 482 3968 illud
511 3904 862 3969 Grandimontanorum
895 3903 1102 3989 colloquium.
1155 3913 1229 3974 Hoc

275 4019 382 4070 autem
412 4018 533 4069 certum
563 4017 625 4082 est,
651 4004 734 4068 sicut
761 4003 981 4069 indubitanter
1009 4006 1127 4093 accepi,
1152 4010 1231 4094 quia

274 4106 531 4191 archiepiscopus
552 4105 677 4188 aliquos
691 4104 931 4170 malefactorum
956 4127 1087 4171 suorum
1100 4109 1229 4176 iuterim

274 4208 384 4272 debita
394 4211 563 4272 severitate
575 4206 736 4292 percellet.
769 4209 896 4271 Caetera
908 4208 1070 4293 supplebit
1082 4210 1230 4291 nuncius,

274 4332 367 4394 quem
394 4309 473 4373 mihi
500 4308 560 4372 sub
583 4305 784 4371 festinatione
811 4307 932 4371 remitti
957 4329 1078 4392 precor.
1124 4313 1230 4396 Reges

274 4424 395 4490 autem,
423 4413 483 4477 sibi
508 4412 643 4474 invicem
670 4409 744 4473 hinc
769 4409 844 4473 inde
868 4409 1012 4494 praestito
1032 4410 1228 4494 juramento,
