3384 5525
488 764 531 825 30
747 777 882 822 Joaxxrs
898 775 1177 823 sanesnamersrs
1352 762 1402 843 [a.
1420 783 1451 829 n.

488 930 709 995 mandatorum
725 941 950 1015 exequutores,
966 951 1063 1014 quam
1079 931 1220 994 inanium
1241 934 1451 999 ventilatores

488 1036 663 1096 verborum.
707 1034 774 1097 Res
802 1033 888 1095 euim
919 1032 1041 1117 quaerit,
1073 1041 1176 1106 curat,
1203 1043 1235 1097 et
1263 1036 1449 1120 assequitur

485 1135 601 1199 veritas
630 1134 854 1221 philosophia),
885 1157 951 1198 non
977 1134 1082 1197 rerba.
1133 1134 1178 1198 Et
1203 1136 1284 1198 mihi
1311 1138 1446 1222 quidem

484 1257 660 1321 numquam
681 1238 840 1321 placuisse
862 1237 1030 1301 scientiam
1054 1258 1126 1321 qua
1150 1236 1183 1299 in
1207 1238 1285 1302 solis
1299 1252 1448 1304 versatur

485 1338 695 1417 sermonibus,
710 1338 801 1401 vobis
815 1336 938 1420 pridem
960 1346 1071 1399 uotum
1088 1349 1146 1400 est.
1191 1338 1262 1401 Nec
1278 1338 1446 1404 auditores

484 1441 582 1519 verbi,
596 1461 658 1504 nec
681 1460 849 1522 praecoues
872 1439 960 1523 apud
984 1438 1160 1501 Dominum
1178 1438 1259 1523 justi
1281 1452 1369 1520 sunt,
1384 1440 1443 1506 sed

483 1544 635 1607 factores:
673 1553 785 1627 estque
807 1563 892 1605 verae
918 1539 1133 1624 philosophice
1156 1541 1370 1605 certissimum
1393 1563 1443 1606 ar·

483 1659 681 1726 gumentum,
691 1667 788 1730 quum
805 1645 878 1729 quis
891 1643 1015 1706 virtutis
1030 1642 1124 1706 obice
1140 1641 1281 1706 retundit
1291 1642 1442 1710 stimulos

481 1749 588 1812 earnis
615 1759 647 1812 et
673 1749 770 1812 totius
796 1747 931 1810 fortunar
961 1744 1054 1809 elidit
1081 1744 1254 1807 incursum.
1307 1745 1438 1826 Sumus,

480 1851 603 1926 Amice,
632 1850 667 1913 in
695 1849 884 1912 conflatorio
916 1846 1059 1924 Domini,
1089 1868 1129 1910 eo
1160 1867 1216 1929 per
1245 1846 1438 1929 patientiam

480 1950 746 2033 philosophemur
760 1959 898 2012 auctore.
943 1950 1029 2011 Nam
1045 1947 1190 2012 doctrina
1205 1947 1263 2011 riri
1280 1968 1340 2030 per
1354 1949 1439 2032 pati·

480 2052 599 2115 entiam
624 2050 777 2113 noscitur.
822 2051 873 2113 De
901 2062 1016 2133 caetero
1041 2050 1277 2113 communicate
1299 2049 1383 2114 mihi
1408 2050 1436 2114 si

480 2153 588 2234 placet
612 2171 766 2214 novorum
793 2150 925 2235 aliquid,
952 2174 1023 2236 qum
1050 2151 1082 2214 in
1110 2150 1260 2235 expilatis
1287 2151 1437 2216 invenitis

481 2254 635 2316 armariis:
661 2253 763 2316 sinon
776 2253 864 2316 aliud
876 2254 1023 2331 occurrit,
1035 2253 1121 2337 quod
1134 2252 1329 2316 nostratibus
1341 2251 1436 2327 desit,

479 2356 590 2417 saltem
606 2354 745 2418 visiones
760 2367 791 2418 et
806 2357 937 2419 oracula
956 2357 1058 2420 beatae
1073 2355 1160 2419 illins
1174 2366 1207 2418 et
1220 2355 1435 2419 celeberrimae

480 2456 689 2539 Hildegardis
714 2458 802 2541 apud
826 2480 883 2520 ros
907 2467 992 2531 sunt,
1017 2478 1090 2541 quar
1113 2458 1192 2521 mihi
1215 2479 1258 2521 ex
1280 2477 1320 2521 eo
1343 2477 1434 2522 com·

477 2556 628 2621 mandata
642 2568 691 2621 est
705 2569 737 2620 et
751 2558 952 2633 venerabilis,
970 2557 1057 2641 quod
1072 2580 1142 2622 eam
1157 2557 1307 2622 domiuus
1322 2558 1432 2640 Euge-

476 2658 549 2722 nius
558 2660 687 2744 speciali
697 2660 1155 2723 cantatisaffectufamiliarius
1164 2660 1431 2743 amplectebatur.

475 2758 653 2846 Explorate
677 2763 772 2827 etiarn
790 2761 976 2845 diligentius
993 2774 1026 2826 et
1043 2763 1201 2825 rescribite
1222 2783 1263 2825 an
1285 2760 1316 2824 ei
1334 2761 1378 2827 sit
1392 2760 1432 2827 de

474 2861 539 2930 fine
568 2866 663 2951 hujus
686 2861 868 2930 schismatis
892 2864 1015 2948 aliquid
1044 2866 1226 2927 revelatum.
1272 2863 1431 2927 Praedixit

476 2969 560 3032 enim
582 2970 616 3032 in
632 2969 748 3034 diebus
763 2969 851 3032 beati
866 2967 1018 3049 Eugenii‚
1035 2964 1122 3050 quod
1137 2986 1201 3028 non
1219 2976 1303 3029 esset
1318 2966 1382 3029 nisi
1397 2965 1432 3029 in

473 3070 626 3133 extremis
642 3069 756 3133 diebus
770 3091 885 3152 pacem
900 3080 932 3131 et
945 3068 1078 3150 gratiam
1099 3069 1132 3129 in
1153 3067 1231 3129 urbe
1251 3066 1429 3130 habiturus.

473 3169 592 3232 Precor
606 3181 711 3233 autem
728 3170 890 3245 attentius,
900 3180 935 3231 ut
948 3191 998 3232 ros
1012 3168 1095 3232 beati
1112 3168 1252 3250 Remigii
1267 3166 1357 3251 apud
1373 3188 1432 3232 ros

472 3270 518 3333 sic
535 3271 720 3353 protegatis,
736 3270 820 3333 sicut
833 3273 1039 3352 protegeretis
1053 3271 1193 3335 animam
1209 3291 1325 3334 meam.

525 3585 745 3652 EPISTOLA
768 3586 925 3651 (ἴα-ω
940 3604 1130 3651 u'inreemu
1146 3605 1374 3652 apamensem

721 3709 918 3754 episcopum.
946 3689 991 3769 [a.
1005 3709 1035 3752 n.
1056 3688 1161 3769 1167.]

658 3841 741 3904 Idem
759 3841 883 3905 Galtero
899 3840 1060 3904 Albooensi
1074 3843 1233 3926 Episcopo,

513 3978 668 4041 Macrian
682 3974 761 4039 mihi
776 3986 906 4062 praestat
925 3975 1012 4062 apud
1026 3999 1081 4041 vos
1096 3977 1236 4042 audendi
1259 3979 1426 4064 fiduciam,

468 4077 556 4163 quod
580 4075 646 4154 ille,
669 4078 759 4162 cujus
780 4078 936 4143 memoria
957 4079 991 4142 in
1013 4079 1239 4146 benedictione
1261 4094 1320 4161 est,
1344 4084 1426 4149 utri·

468 4200 569 4266 usque
591 4190 733 4244 nostrum
756 4191 848 4267 pater
869 4181 1083 4247 sanctissimus
1105 4182 1276 4262 Adrianus,
1295 4185 1425 4272 quivos

466 4282 500 4346 in
515 4292 624 4347 sancta
642 4282 787 4347 Romana
798 4283 998 4348 fortissimam
1011 4288 1061 4367 (ut
1077 4308 1148 4372 spes
1163 4291 1226 4371 est)
1236 4287 1423 4354 columnam

466 4385 621 4471 plantavit
634 4384 787 4466 Ecclesia,
797 4409 849 4451 me
865 4386 993 4474 speciali
1009 4387 1147 4474 quadam
1163 4388 1303 4456 caritatis
1317 4392 1423 4477 gratia
