3384 5525
361 781 423 840 254
637 773 772 834 thauma
789 787 1067 833 saansaanmrvsrs
1216 771 1262 846 [s.
1281 788 1311 831 o.

362 965 455 1029 quem
472 939 647 1007 nativitatis
666 939 833 1005 dominicae
849 938 1031 1004 solemnitas
1052 938 1267 1018 consecrabat,
1281 949 1312 1001 et

362 1045 447 1109 omni
469 1044 544 1130 jure
564 1042 671 1108 decuit
694 1055 731 1107 ut
758 1041 872 1106 natalis
895 1042 974 1127 ejus,
996 1040 1054 1126 qui
1077 1043 1261 1105 innocenter
1281 1051 1314 1105 et

362 1144 555 1209 sanctissime
565 1142 699 1220 vixerat,
708 1141 747 1205 nd
758 1141 893 1226 gloriam
903 1140 978 1217 Dei,
987 1139 1124 1204 natalem
1134 1153 1314 1204 sanctorum

363 1248 576 1310 innocentium
607 1255 804 1329 sequeretur.
856 1243 902 1306 Et
931 1240 1075 1328 quidem,
1100 1253 1137 1306 ut
1163 1240 1315 1322 creditur,

363 1368 468 1410 necem
490 1346 591 1431 ipsius
612 1344 785 1410 traditores
808 1366 1018 1430 procuravere
1039 1342 1200 1429 discipuli,
1215 1366 1314 1408 sacer·

363 1450 475 1514 dotum
491 1449 649 1535 principes
662 1448 893 1523 formaverunt,
905 1459 996 1512 tanto
1010 1446 1042 1510 in
1055 1446 1175 1511 malitia
1189 1451 1313 1512 Annam

363 1565 395 1616 et
421 1551 589 1635 caipham,
616 1549 756 1614 Pilatum
782 1561 814 1613 et
845 1548 1008 1613 Herodem
1035 1547 1174 1633 amplius
1200 1571 1313 1633 praece-

363 1651 485 1730 dentes,
497 1661 617 1737 quanto
631 1649 815 1735 diligentius
831 1663 1043 1735 peccaverunt
1058 1672 1097 1713 ne
1113 1649 1145 1712 in
1156 1649 1315 1735 judicium

365 1755 557 1829 traheretur,
593 1776 632 1816 ne
666 1752 890 1816 conveniretur
922 1753 963 1816 ab
996 1752 1243 1832 accusatoribus,
1277 1776 1317 1817 ne

365 1868 533 1943 appareret
558 1869 632 1920 ante
658 1855 772 1920 faciem
799 1855 954 1941 praesidis,
982 1877 1020 1919 ne
1047 1855 1213 1942 privilegio
1238 1855 1316 1920 sacri

365 1957 437 2036 loci,
464 1956 512 2020 vel
543 1958 693 2043 temporis
723 1969 779 2022 aut
809 1956 988 2042 dignitatis,
1017 1969 1073 2020 aut
1102 1957 1233 2043 gradus,
1260 1970 1317 2023 aut

366 2060 546 2124 reformatae
568 2060 665 2145 pacis,
681 2072 712 2123 et
730 2062 814 2124 datae
837 2058 1016 2124 securitatis
1031 2057 1210 2124 conditione
1226 2059 1318 2123 sacri-

366 2161 453 2248 legas
474 2184 587 2225 manus
610 2161 768 2241 evaderet,
791 2183 853 2225 non
878 2160 1058 2246 gentilium,
1081 2184 1144 2224 non
1166 2161 1318 2241 hostium,

367 2264 421 2327 sed
437 2286 544 2328 eorum
562 2266 617 2348 qui
634 2263 735 2347 legem
754 2263 814 2327 Dei
836 2262 1068 2349 profitebantur
1090 2276 1123 2326 et
1145 2264 1317 2327 amicorum

366 2366 473 2429 fidem.
511 2368 592 2429 Sane
606 2366 687 2429 mira
704 2364 764 2429 Dei
778 2365 1004 2451 omnipotentis
1018 2378 1133 2430 cuncta
1148 2386 1180 2430 et
1196 2367 1320 2451 sapien·

367 2479 416 2531 ter
444 2478 477 2530 et
507 2467 677 2532 salubriter
706 2465 883 2531 ordinantis
911 2465 1146 2553 dispensatione
1174 2466 1318 2552 contigit,

366 2567 454 2654 quod
479 2568 536 2653 qui
557 2568 624 2630 haec
640 2581 705 2631 tam
721 2566 814 2643 male,
830 2579 895 2630 tam
917 2567 1121 2653 impudenter
1143 2580 1174 2632 et
1196 2568 1319 2653 impru-

367 2667 479 2733 denter
494 2667 636 2753 permisit
654 2667 733 2745 lieri,
749 2668 860 2733 eadem
875 2692 937 2733 non
953 2680 1001 2734 est
1022 2693 1133 2756 passus
1148 2669 1317 2735 abscondi:

368 2784 405 2837 ut
435 2771 486 2836 hic
516 2773 610 2835 etiam
641 2771 859 2856 temporaliter
887 2772 1060 2859 impleatur
1089 2774 1178 2861 quod
1205 2773 1321 2839 veritas

367 2873 596 2960 protulit,nihil
607 2873 726 2937 scilicet
735 2896 801 2937 esse
810 2874 971 2939 occultum
981 2875 1070 2961 quod
1079 2898 1142 2939 non
1152 2874 1320 2941 reveletur.

369 2977 452 3040 Nam
479 2975 567 3062 quod
590 2976 630 3040 de
658 2975 810 3061 signifero
835 2976 1036 3061 proditorum
1063 2976 1153 3040 Juda
1178 2999 1321 3041 sermone

367 3078 482 3143 celebri
499 3079 665 3163 vulgatum
689 3090 749 3155 est,
766 3079 835 3164 pari
853 3079 927 3164 jure
950 3077 1140 3143 trahendum
1163 3093 1210 3145 est
1231 3093 1263 3145 et
1279 3081 1321 3144 ad

368 3181 537 3266 complices
566 3183 646 3268 ejus,
672 3205 710 3244 eo
739 3180 827 3266 quod
859 3180 899 3245 de
928 3181 1083 3245 similibus
1111 3181 1206 3245 rebus
1235 3181 1320 3246 idem

368 3293 490 3343 constet
505 3303 572 3343 esse
590 3281 764 3366 judicium,
782 3294 817 3345 ut
834 3281 1025 3348 Christianis
1040 3283 1188 3347 omnibus
1201 3305 1241 3346 ex
1256 3282 1321 3347 tide

369 3377 500 3463 liqueat,
512 3381 596 3464 quod
613 3383 683 3445 coeli
700 3382 890 3448 revelabunt
905 3385 1106 3470 iniquitatem
1121 3385 1275 3468 ipsorum,
1290 3398 1323 3452 et

368 3479 517 3544 adversos
547 3504 599 3544 eos
629 3494 713 3546 terra
739 3498 920 3566 consurget.
966 3486 1046 3561 Quis
1071 3486 1154 3550 enim
1177 3488 1321 3552 fidelium

369 3581 484 3646 audeat
501 3581 649 3647 dubitare
665 3583 752 3670 quod
769 3588 861 3650 Deus
876 3601 1023 3653 auctores
1037 3601 1069 3654 ct
1089 3602 1325 3676 perpetratores

373 3684 454 3748 tanti
469 3683 624 3768 sacrilegii
641 3698 696 3749 aut
713 3698 878 3751 convertet
894 3701 950 3754 aut
966 3695 1130 3755 conteret?

415 3787 574 3850 Passurus
596 3789 755 3852 antemio
778 3789 921 3871 ecclesia,
943 3803 979 3855 ut
1002 3791 1124 3858 dictum
1143 3805 1204 3871 est,
1220 3815 1324 3858 coram

371 3886 464 3950 altari
489 3887 609 3952 Christi
633 3903 768 3976 martyr,
794 3904 965 3979 antequam
992 3893 1150 3972 feriretur,
1170 3917 1272 3981 quum
1294 3919 1326 3960 se

372 3988 512 4054 audisset
542 3990 675 4076 inquiri,
696 3992 854 4059 militibus
883 3996 938 4082 qui
959 3996 1001 4060 ad
1031 3997 1091 4060 hoc
1120 3998 1327 4063 venerantia

370 4091 466 4155 turba
480 4090 665 4157 clericorum
682 4107 714 4157 et
731 4099 955 4161 monachorum
979 4098 1239 4179 vociferantibus,
1258 4099 1324 4166 Ubi

370 4207 417 4259 est
427 4194 701 4281 archiepiscopus?
717 4199 854 4265 occurrit
864 4199 929 4265 iise
940 4200 1041 4285 gradu
1053 4224 1149 4286 quem
1160 4226 1200 4267 ex
1210 4224 1326 4287 magna

372 4309 462 4381 parte
484 4296 677 4377 ascenderat,
697 4298 789 4364 vultu
811 4300 971 4387 intrepido
994 4301 1121 4367 dicens:
1153 4305 1238 4366 Ecce
1253 4325 1325 4387 ego,

369 4398 448 4481 quid
465 4399 585 4465 vultis?
618 4399 669 4464 cui
687 4423 769 4465 unus
785 4403 982 4467 funestorum
1005 4404 1142 4471 militum
1162 4408 1193 4468 in
1210 4405 1325 4489 spiritu
