3384 5525
496 793 536 851 34
770 803 907 847 maurus
923 801 1201 847 sanssuaurunsrs
1355 785 1404 865 [a.
1423 807 1458 851 n.

498 962 620 1033 serent,
642 963 834 1020 evacuarent
862 951 980 1016 divinae
1008 950 1088 1036 legis
1116 962 1150 1016 et
1175 973 1336 1017 canonum
1363 976 1459 1021 sanc·

494 1054 614 1120 tiones:
648 1065 682 1119 et
707 1054 775 1119 sine
801 1053 935 1118 crimine
959 1053 1199 1118 committerent
1225 1065 1259 1118 et
1284 1066 1457 1123 tuerentur

494 1156 862 1221 inobedientiaecrimsn.
888 1155 994 1219 Sentit
1004 1157 1065 1219 hoc
1078 1156 1317 1222 Cantuarienais
1328 1158 1456 1224 archie-

494 1260 641 1345 piscopus
656 1270 690 1324 et
708 1259 856 1324 coexulcs
870 1258 930 1340 sui,
944 1257 998 1344 qui
1013 1258 1105 1323 bonis
1120 1258 1269 1324 omnibus
1283 1261 1453 1347 proscripti

495 1373 579 1439 suut,
608 1363 684 1449 quia
713 1361 830 1427 mutire
864 1360 985 1425 audent
1015 1383 1072 1446 pro
1103 1361 1259 1427 Ecclesiae
1289 1362 1450 1430 libertate.

495 1465 690 1549 Sperabatur
719 1465 753 1529 in
782 1465 923 1529 adventu
951 1463 1171 1529 Cardiualium
1201 1465 1308 1552 aliqua
1337 1488 1452 1532 conso·

492 1565 586 1633 latio:
613 1566 669 1631 sed
688 1589 763 1631 ecce
779 1589 817 1631 eo
837 1566 938 1650 magia
953 1567 1144 1631 crudescunt
1164 1589 1283 1632 cornua
1296 1578 1450 1653 tyranno-

491 1692 573 1753 rum,
588 1670 674 1757 quod
689 1670 798 1735 vident
812 1671 945 1758 palpari,
959 1683 992 1736 et
1007 1694 1071 1736 nou
1094 1671 1268 1736 remorderi
1282 1671 1377 1736 illum
1392 1672 1449 1758 qui

489 1772 566 1838 fecit
579 1785 612 1837 et
627 1772 703 1838 facit
717 1772 825 1836 omnia
839 1772 919 1837 haec.
958 1772 1008 1837 De
1023 1772 1124 1837 altero
1143 1784 1251 1838 tamen
1266 1772 1448 1857 legatorum

491 1874 605 1939 merito
634 1873 766 1938 confidit
793 1872 948 1953 Ecclesia,
974 1874 1050 1959 quia
1076 1875 1217 1939 creditur
1245 1876 1296 1960 agi
1324 1876 1448 1963 Spiritu

491 1975 565 2039 Dei.
617 1979 663 2039 Et
693 1975 815 2039 utinam
844 1974 925 2039 alter
953 1977 1131 2061 potentatui
1162 1990 1195 2042 et
1219 1978 1332 2062 gratiae
1362 1981 1448 2066 regia

489 2099 586 2164 quarn
611 2078 744 2164 appetiit
764 2078 926 2154 hacteuus,
949 2078 1098 2163 praelerat
1122 2080 1299 2148 veritatem.
1345 2083 1445 2159 Quod

488 2180 514 2243 si
540 2180 659 2258 lecerit,
684 2203 743 2244 nec
765 2180 1050 2258 confirmationem,
1074 2205 1133 2246 nec
1160 2183 1364 2249 tolerantiam
1388 2197 1446 2251 aut

488 2281 773 2348 dissimulationem
796 2284 1063 2348 consuetudinum
1080 2286 1163 2369 regis
1181 2287 1222 2351 ab
1237 2286 1345 2374 aliquo
1360 2289 1444 2375 epis·

487 2406 636 2471 coporum
660 2387 777 2470 exiget,
793 2409 867 2474 quae
889 2387 952 2470 legi
974 2387 1036 2451 Dei
1058 2398 1204 2471 patenter
1223 2388 1443 2471 adversantur,

486 2488 772 2574 sedisapostolicae
800 2487 1001 2574 privilegium
1032 2489 1195 2576 dissipant,
1219 2501 1252 2555 et
1273 2513 1370 2557 omne
1388 2494 1443 2578 jus

487 2588 754 2653 etauctoritatem
779 2610 889 2652 eorum
905 2611 978 2675 quae
996 2592 1137 2673 gerenda
1156 2592 1278 2657 suntin
1296 2592 1442 2660 Ecclesia

489 2691 562 2768 Dei,
578 2691 610 2754 in
627 2690 776 2777 principis
796 2691 964 2756 conferunt
979 2693 1186 2760 voluntatem.
1231 2695 1266 2764 Si
1282 2697 1440 2783 pastorale

484 2793 623 2860 officium
643 2793 782 2859 nonnisi
801 2795 843 2859 ad
858 2806 971 2861 nutum
994 2797 1146 2883 principis
1160 2798 1255 2863 liceat
1277 2820 1437 2878 exercere,

483 2910 516 2962 et
531 2898 640 2984 procul
661 2898 760 2963 dubio
780 2921 840 2963 nec
861 2898 995 2963 crimina
1015 2901 1197 2985 punientur,
1214 2923 1273 2965 nec
1289 2917 1439 2988 tyranno·

482 3024 553 3066 rum
575 3014 727 3086 arguetur
748 3001 941 3078 immanitas,
964 3024 1024 3066 nec
1052 3002 1154 3088 reipsa
1176 3002 1231 3066 diu
1254 3003 1352 3068 stabit
1375 3004 1438 3070 Ec·

481 3102 588 3166 clesia.
635 3104 721 3187 Ergo
740 3105 884 3190 quisquis
899 3103 953 3167 ille
969 3103 1019 3180 sit,
1035 3105 1090 3191 qui
1106 3104 1139 3168 in
1155 3116 1315 3171 tantarum
1333 3102 1435 3192 pravi·

481 3213 583 3267 tatum
601 3204 803 3289 usurpatione
816 3204 908 3268 silere
924 3216 957 3269 et
967 3205 1166 3271 dissimulare
1182 3207 1318 3272 consulit
1332 3230 1437 3274 sacer·

480 3306 581 3382 dotes,
605 3305 791 3370 haereticum
817 3328 885 3370 esse
909 3329 972 3371 non
996 3308 1119 3388 dubito,
1143 3322 1176 3374 et
1199 3311 1433 3395 praeambulum

480 3406 678 3483 Antichristi,
693 3407 719 3470 si
734 3407 801 3494 ipse
817 3430 879 3472 non
896 3407 936 3472 sit
951 3411 1159 3495 personaliter
1175 3411 1400 3479 Antichristus.

526 3513 638 3577 Clamo
662 3511 777 3595 (iuquit
799 3513 937 3597 Spiritus
958 3538 1016 3599 per
1037 3518 1237 3600 prophetam)
1260 3539 1302 3580 ne
1323 3539 1432 3593 cesses,

478 3618 571 3696 quasi
596 3615 674 3678 tuba
697 3614 803 3678 enolto
828 3637 931 3680 uocem
960 3624 1048 3680 tuam
1071 3625 1103 3681 et
1123 3621 1295 3682 annuncia
1314 3620 1434 3703 populo

478 3739 544 3780 meo
569 3722 686 3781 scelera
712 3738 831 3780 eorum.
876 3720 921 3781 Et
951 3722 1115 3802 apostolus
1139 3722 1173 3783 in
1200 3743 1265 3805 quo
1289 3723 1433 3806 loquitur

479 3817 637 3896 Christus,
653 3820 761 3896 Aryue
776 3816 920 3900 (inquit),
934 3818 1073 3895 obsecra,
1090 3821 1234 3903 increpa,
1249 3835 1281 3885 et
1303 3843 1430 3886 omnem

475 3919 588 4000 punire
609 3919 860 3981 inobedientiam
886 3906 1053 4002 promptus
1074 3923 1137 4004 ipsi
1160 3924 1286 4004 Angelo
1314 3924 1369 4008 qui
1395 3924 1430 3986 in

474 4020 564 4082 coelis
590 4030 639 4082 est
664 4020 834 4082 anathema
859 4019 1042 4101 denunciat,
1069 4024 1097 4085 si
1126 4045 1160 4086 se
1190 4026 1291 4105 erigat
1319 4035 1429 4088 contra

475 4120 649 4198 Christum,
664 4131 696 4183 et
715 4119 830 4183 doceat
844 4131 955 4184 contra
977 4123 1146 4206 Evangelii
1160 4124 1343 4188 veritatem:
1382 4127 1427 4188 Et

470 4221 567 4286 audet
591 4222 765 4284 homuncio
790 4243 918 4286 monere
944 4235 977 4287 et
1002 4227 1166 4289 consulere
1193 4226 1364 4303 sacerdoti,
1390 4237 1426 4290 ut

468 4337 574 4389 taceat
589 4335 621 4387 et
637 4323 815 4386 dissimulet
837 4324 983 4408 injuriam
1003 4327 1131 4402 Christi,
1148 4328 1373 4391 malefaciens
1388 4337 1423 4390 ut
1491 4314 1501 4328 ’

468 4426 656 4511 proveniant
670 4425 778 4490 bona?
816 4427 935 4490 Nonne
951 4430 1112 4510 pereuntis
1127 4429 1219 4513 impii
1233 4430 1364 4512 sanguis
1379 4428 1419 4491 de
