3384 5525
469 795 533 853 290
731 805 865 851 ronnurs
881 802 1157 848 sannsannrnusrs
1327 788 1374 861 [a.
1387 807 1423 849 n.

470 957 722 1021 ministrantibus
737 967 864 1041 possent
886 952 1039 1031 sufficere,
1054 965 1085 1016 et
1104 952 1316 1017 bumilitatem
1333 954 1422 1018 debi-

471 1074 535 1123 tam
552 1058 730 1142 hospitibus
746 1079 804 1141 pro
820 1056 880 1118 loci
896 1054 1027 1118 modulo
1046 1051 1247 1118 laudabiliter
1262 1054 1422 1121 exhibere.

473 1160 638 1245 Siquidem
667 1159 780 1222 fratres
802 1158 846 1220 ibi
870 1156 1031 1240 degentes,
1062 1167 1126 1218 tam
1156 1158 1297 1243 episcopi
1326 1179 1423 1242 quam

470 1260 648 1325 officialium
665 1261 745 1346 ejus
765 1259 818 1322 sed
835 1271 867 1322 et
883 1257 1058 1320 vicinorum
1076 1255 1209 1339 gratiam
1228 1271 1422 1335 meruerunt,

470 1375 662 1449 possentque
692 1360 806 1425 amodo
835 1359 1008 1423 amicorum
1032 1358 1174 1421 subsidio
1203 1381 1260 1444 per
1282 1360 1418 1443 gratiam

471 1464 535 1529 Dei
569 1477 601 1528 et
638 1486 726 1527 suam
762 1460 949 1526 industriam
986 1459 1125 1536 dilatari,
1157 1461 1218 1522 nisi
1255 1461 1420 1526 conatibus

470 1588 581 1628 eorum
603 1577 774 1648 tempestas
788 1564 940 1648 ingruens
954 1561 1107 1625 obviaret.
1155 1562 1216 1625 Sed
1239 1562 1312 1627 licet
1326 1562 1421 1626 vicini

471 1667 625 1752 undique,
656 1666 711 1752 qui
741 1666 933 1730 munitiones
964 1662 1161 1741 custodiunt,
1191 1665 1232 1728 ab
1262 1666 1308 1730 eis
1337 1688 1420 1750 saepe

468 1769 800 1854 multaextorqueant,
812 1781 916 1831 tamen
927 1789 986 1851 pro
994 1764 1118 1828 viribus
1129 1766 1254 1831 solliciti
1266 1781 1341 1832 sunt
1349 1771 1418 1831 Deo

467 1884 499 1935 et
511 1871 639 1933 domino
650 1894 708 1935 suo
720 1883 829 1933 sancto
846 1867 994 1952 Remigio
1007 1888 1131 1930 servare
1142 1867 1249 1944 fidem,
1261 1881 1293 1933 et
1306 1872 1418 1933 vestris

467 1994 525 2057 per
538 1972 644 2034 omnia
654 1971 854 2056 jussionibus
869 1970 1008 2036 obedire.
1054 1972 1170 2033 Frater
1187 1970 1328 2034 Absalon
1344 1994 1416 2034 cum

466 2071 571 2135 reditu
602 2084 711 2135 nostro
740 2069 940 2135 desiderabat
977 2071 1167 2158 pertransire
1196 2071 1237 2134 ad
1267 2094 1335 2149 nos,
1365 2072 1420 2137 sed

466 2185 598 2257 propter
632 2172 828 2236 imminentia
862 2174 1016 2257 pericula,
1053 2198 1123 2239 meo
1152 2186 1185 2238 et
1220 2174 1329 2238 fratris
1358 2173 1419 2239 mei

466 2273 608 2352 consilio,
623 2297 768 2338 reversus
785 2286 832 2337 est
854 2274 894 2337 ad
916 2275 1059 2354 domum,
1082 2278 1145 2354 cui,
1169 2279 1195 2339 si
1216 2275 1350 2353 abesset,
1365 2276 1419 2340 de-

467 2376 580 2439 solatio
595 2375 788 2442 imminebat.
834 2380 996 2442 Canonem
1014 2403 1089 2442 vero
1103 2378 1419 2464 constitutumdepo-

467 2474 531 2538 suit
556 2474 587 2538 in
611 2499 707 2540 manu
732 2479 828 2540 vestri
848 2477 992 2554 Ricardi‚
1020 2478 1167 2543 utillum
1195 2476 1354 2562 recipiatis
1377 2476 1417 2541 de

465 2597 562 2639 manu
584 2578 663 2662 ejus,
680 2577 705 2639 si
727 2577 811 2642 forte
829 2581 919 2641 Deus
938 2579 1182 2644 commodiorem
1208 2580 1417 2643 intermeandi

466 2676 590 2741 dederit
619 2678 816 2743 facultatem.
862 2680 907 2743 Et
937 2681 1012 2765 quia
1041 2681 1162 2746 malitia
1183 2680 1357 2757 invalescit,
1380 2695 1417 2747 ut

463 2793 589 2864 oportet
618 2780 743 2856 fratres,
773 2780 884 2865 quiin
914 2781 1010 2846 domo
1041 2796 1145 2848 vestra
1166 2796 1252 2863 sunt,
1282 2796 1415 2867 urgente

463 2882 649 2946 necessitate
664 2896 735 2967 post
752 2882 890 2947 latrones
905 2897 936 2949 et
952 2885 1117 2968 praedones
1137 2907 1194 2970 per
1209 2884 1337 2949 castella
1351 2884 1416 2950 dis-

462 3005 599 3059 currere,
623 2997 657 3049 ut
680 2997 791 3048 neuter
813 3007 923 3047 eorum
946 2986 1107 3050 interdum
1122 2987 1209 3050 domi
1223 2987 1415 3065 inveniatur,

462 3085 563 3162 nobis,
587 3089 613 3149 si
635 3086 773 3171 placeret
790 3086 892 3160 vobis,
916 3099 948 3150 et
971 3088 1101 3151 consilio
1117 3103 1231 3164 vestro,
1253 3087 1415 3153 videretur

459 3185 631 3250 admodum
648 3188 810 3272 expedire,
825 3202 862 3252 ut
877 3189 974 3253 etiam
988 3212 1061 3252 cum
1077 3189 1289 3255 diminutione
1304 3191 1412 3276 aliqua

458 3287 617 3367 pensionis
636 3288 805 3352 mitteretis
826 3290 964 3373 aliquem
990 3291 1170 3368 honestum,
1194 3292 1281 3357 etad
1308 3315 1415 3356 neces·

460 3385 568 3447 sitates
598 3389 780 3450 monasterii
803 3389 1014 3472 compositum
1041 3392 1184 3468 fratrem,
1215 3393 1272 3477 qui
1303 3407 1409 3478 posset

459 3485 521 3548 illis
536 3508 601 3549 esse
617 3484 739 3565 solatio,
754 3499 786 3550 et
802 3490 834 3551 in
851 3488 993 3556 absentia
1014 3492 1148 3558 aliorum
1164 3495 1412 3560 adventantibus

458 3586 659 3672 respondere,
684 3600 716 3651 et
740 3610 798 3652 sua
823 3595 994 3674 praesentia
1019 3596 1181 3660 testificari
1207 3595 1312 3660 locum
1337 3597 1410 3661 reli·
1464 3592 1467 3597 ⁹

459 3691 563 3771 gionis
580 3689 674 3755 titulo
698 3690 828 3754 Domini
851 3708 1078 3761 consecratum.
1123 3699 1206 3761 Nam
1223 3698 1249 3762 si
1270 3698 1316 3762 ibi
1331 3699 1414 3764 mul·

457 3791 596 3875 tiplicior
632 3793 817 3877 apparuerit
847 3794 1068 3879 religiosorum
1104 3821 1267 3879 numerus,
1297 3801 1411 3886 procul

457 3890 557 3954 dubio
573 3893 673 3975 major
688 3893 729 3956 ab
741 3894 852 3959 incolis
868 3896 997 3960 Domini
1010 3899 1183 3964 reverentia
1193 3900 1410 3980 exhibebitur,

456 4002 488 4053 et
504 3991 741 4056 malefactorum
758 3994 945 4079 improbitas
960 3998 1084 4064 facilius
1100 4000 1308 4086 conquiescet.
