3384 5525
366 758 464 837 itta]
736 776 914 820 EPISTOLAE.
1256 762 1317 821 123

363 930 453 993 ciosis
476 940 509 992 et
533 928 794 1012 conjectantibus
812 930 1000 1011 indigentiis
1016 931 1113 993 verba
1136 949 1262 1013 semper
1278 928 1321 993 ad

363 1043 515 1116 quaestum
533 1040 567 1094 et
582 1032 835 1094 consolationem
852 1033 1007 1113 angustiae
1025 1031 1173 1095 tendere:
1195 1031 1252 1094 sed
1269 1030 1319 1093 his

363 1134 515 1196 duntaxat
532 1153 615 1215 quos
631 1132 765 1195 arbitror
779 1133 873 1196 amici
890 1154 1069 1196 sermonem
1085 1155 1150 1196 non
1167 1133 1320 1216 iuterpre-

364 1246 478 1298 taturos
494 1254 628 1317 precum
649 1254 719 1297 esse
739 1234 984 1317 improbitatem.
1015 1236 1100 1298 Eum
1117 1255 1190 1297 vero
1206 1256 1318 1318 precor

364 1334 490 1397 nomine
515 1355 587 1396 meo
610 1333 752 1407 salutari,
776 1334 829 1395 cui
852 1335 968 1396 multas
991 1334 1109 1408 habeo,
1134 1343 1167 1396 et
1188 1344 1320 1397 auctore

364 1436 430 1499 Deo
447 1434 568 1519 gratias
583 1454 677 1513 agam
693 1446 823 1517 propter
836 1433 1054 1496 sinceritatem
1070 1433 1210 1497 caritatis
1225 1456 1322 1517 quam

365 1537 438 1599 mihi
455 1544 562 1599 servat
576 1531 609 1596 in
626 1534 734 1611 corde,
750 1544 781 1597 et
797 1556 897 1618 quum
918 1554 1051 1597 necesse
1068 1534 1162 1596 suerit
1177 1533 1323 1598 ostendet

365 1638 519 1722 inopere.
566 1637 688 1700 Valete.

367 1937 882 2005 uPISTOLaccxnn1.-m
898 1954 1189 2000 aaarnonouauru
1209 1955 1325 1999 uxorn-

545 2058 657 2102 ansuur
673 2056 872 2102 urrscopmr.
921 2039 966 2119 [n.
984 2058 1014 2102 n.
1035 2038 1144 2118 1168]

370 2200 541 2265 Baldwa'no
559 2200 736 2262 Euonieasa‘
761 2199 995 2261 Aradidiacorro
1017 2199 1163 2262 Joannes
1177 2199 1325 2263 Suresbe-

784 2319 910 2362 raonem.

412 2436 448 2499 St
464 2434 546 2497 nibil
562 2432 693 2496 humani
709 2454 729 2495 a
745 2454 779 2495 se
796 2434 941 2496 comicus
956 2445 1081 2518 reputat
1096 2436 1247 2511 alienum,
1259 2458 1325 2500 uon

370 2538 497 2618 ambigo
513 2548 545 2600 te
560 2556 671 2599 curare
686 2556 781 2618 quem
802 2536 951 2599 sortiatur
965 2537 1087 2601 exitum
1102 2559 1199 2602 causa
1214 2539 1277 2602 Dei
1294 2549 1327 2602 et

372 2637 546 2704 amicorum
561 2639 663 2713 labor,
679 2637 735 2719 qui
751 2656 808 2720 pro
823 2637 969 2702 libertate
987 2641 1132 2703 ecclesias
1154 2641 1329 2724 patiuntur,

372 2752 427 2806 aut
440 2739 641 2805 imminentia
656 2738 717 2802 sibi
732 2738 877 2821 pericula
891 2740 1107 2807 reformidant..
1146 2742 1181 2806 si
1196 2741 1329 2824 quidem

372 2844 452 2906 mibi
478 2842 604 2927 pridem
627 2842 737 2904 multis
761 2844 958 2923 argumentis
984 2844 1122 2908 innotuit
1147 2843 1329 2923 benignitas

374 2959 439 3024 tua,
454 2967 514 3008 suo
537 2944 649 3007 merito
672 2940 767 3006 bouis
789 2944 941 3006 omnibus
964 2942 1121 3024 gratiosa:
1152 2942 1220 3016 sed,
1241 2941 1330 3025 quod

374 3047 414 3111 de
437 3044 636 3111 conscientia
658 3044 807 3122 dixerim,
823 3043 905 3106 nulli
928 3044 1110 3107 mortalium
1134 3064 1230 3127 quam
1252 3042 1331 3105 mibi

375 3149 511 3213 dulcior.
563 3147 716 3209 Poterant
744 3157 851 3210 autem
882 3146 941 3209 tibi
973 3166 1045 3228 quas
1074 3155 1165 3228 gesta
1193 3156 1266 3210 sunt
1296 3147 1331 3210 in

375 3249 540 3333 colloquio
568 3248 691 3310 domini
720 3247 964 3311 Cantuariensis
993 3257 1025 3310 et
1053 3248 1272 3326 cardinalium,
1298 3255 1332 3312 et

376 3354 452 3416 item
473 3350 610 3434 qualiter
632 3349 776 3433 episcopi
799 3350 856 3432 qni
880 3350 1159 3415 transfretaverunt
1180 3351 1331 3416 adversus

375 3451 655 3534 archiepiscopum
668 3449 777 3513 denuo
790 3466 1051 3533 provocaverunt,
1062 3464 1219 3532 constare,
1230 3475 1330 3538 quum

377 3577 418 3618 ex
445 3553 599 3616 relatione
624 3553 809 3629 multorum,
831 3563 899 3615 tum
926 3553 1053 3618 fidelius
1077 3567 1112 3618 ut
1133 3556 1268 3619 arbitror
1289 3575 1331 3617 ex

377 3655 490 3718 litteris
516 3675 651 3736 quarum
678 3653 737 3716 tibi
763 3654 930 3717 mittuntur
959 3658 1119 3739 exempla.
1175 3654 1333 3720 contraxi

377 3778 515 3839 namque
537 3754 783 3818 familiaritatem
805 3776 879 3819 cum
903 3755 1035 3820 domino
1059 3757 1280 3822 Cantnariensi
1301 3765 1334 3820 et

378 3858 570 3922 coexulibus
586 3857 661 3935 suis,
680 3867 714 3920 ut
728 3857 850 3935 amicis,
862 3859 889 3921 si
904 3859 984 3922 forte
999 3881 1082 3943 opus
1096 3859 1201 3934 fuerit,
1212 3859 1332 3943 possim

379 3959 580 4023 commodius
595 3959 771 4040 suffragari,
788 3981 886 4043 quum
903 3982 962 4023 nec
981 3962 1046 4037 ille,
1062 3983 1121 4025 nec
1145 3963 1191 4025 illi
1214 3970 1335 4025 secreta

380 4082 436 4125 sua
450 4061 532 4123 mihi
548 4070 702 4123 censeant
716 4058 925 4124 occultanda:
951 4084 1022 4145 quae
1044 4063 1116 4125 Deo
1140 4062 1333 4146 propitiante

380 4163 492 4226 celabo
508 4160 656 4235 fideliter,
666 4172 699 4224 et
710 4162 756 4225 sic
768 4163 1062 4246 opportunitatibus
1074 4166 1250 4228 amicorum
1261 4162 1335 4227 sub-

381 4259 497 4325 sidium
525 4263 632 4340 seram,
662 4271 697 4324 ut
726 4261 759 4324 hi
792 4263 846 4345 qui
873 4261 913 4325 de
944 4263 1021 4327 fidei
1050 4286 1129 4328 meae
1156 4262 1334 4327 sinceritate

381 4373 588 4444 praesumunt,
612 4361 817 4445 dispendium
841 4383 906 4424 non
930 4362 1101 4427 incurrant.
1148 4363 1222 4424 Hoc
1249 4358 1335 4422 enim
