3384 5525
368 773 479 853 1171.]
760 790 937 836 nrrsronn.
1261 777 1324 867 ‘259

363 940 492 1007 coelitus
518 963 576 1026 per
598 940 734 1025 gratiam
761 952 912 1027 provecta
933 952 965 1006 et
987 940 1126 1026 perlecta
1150 940 1321 1005 liberalitas

362 1042 491 1129 aperuit
507 1042 549 1106 ad
564 1040 738 1106 videndum
761 1040 956 1106 calamitates
971 1041 1110 1107 ecclesiae
1125 1041 1320 1126 Anglicanae‚

362 1158 395 1209 et
422 1144 457 1208 in
480 1143 722 1209 subventionem
745 1165 923 1229 pauperum
947 1143 1065 1208 Christi
1088 1143 1240 1230 portastis
1260 1166 1320 1229 pro

363 1269 401 1310 ea
415 1247 545 1331 pondus
560 1245 622 1309 diei
642 1257 674 1309 et
695 1258 805 1318 aestus,
821 1258 852 1309 et
870 1244 913 1309 sic
929 1245 1081 1309 athletam
1097 1268 1155 1330 pro
1172 1244 1240 1328 lege
1256 1244 1318 1307 Dei

364 1345 520 1409 adversus
541 1344 656 1431 impios
678 1343 893 1421 dimicantem,
914 1344 990 1409 dum
1013 1344 1114 1424 licuit,
1134 1344 1319 1409 custodistis

363 1458 519 1532 tanquam
546 1445 703 1533 pupillam
729 1445 813 1510 oculi
838 1445 944 1512 vestri.
994 1446 1107 1509 Fidem
1130 1459 1264 1511 vestram
1287 1460 1319 1510 et

363 1548 655 1635 diligentiamque
676 1548 767 1612 uobis
787 1570 896 1632 pacem
918 1552 1121 1634 procurastis,
1140 1564 1319 1613 remuneret

364 1653 467 1723 Deus,
483 1672 547 1736 qua
569 1649 648 1714 nihil
671 1673 712 1714 ex
735 1650 994 1735 contingentibus
1016 1675 1035 1714 a
1057 1651 1146 1715 vobis
1168 1651 1316 1715 omissum

363 1763 424 1832 est,
453 1764 491 1816 ut
520 1750 698 1816 infortunia
727 1764 835 1815 nostra
865 1751 954 1814 vobis
989 1749 1125 1815 debeant
1156 1752 1318 1837 imputari.

364 1854 484 1917 Forma
507 1853 665 1938 siquidem
688 1852 776 1937 pacis
798 1850 978 1916 solemniter
1000 1852 1087 1917 initae
1109 1853 1231 1917 cunctis
1253 1853 1320 1916 visa

364 1965 412 2018 est
436 1954 524 2019 utilis
546 1969 577 2019 et
601 1958 743 2032 honesta,
765 1976 865 2039 quum
889 1954 921 2016 in
945 1953 1000 2018 illo
1022 1954 1224 2018 celeberrimo
1245 1977 1317 2019 con-

365 2071 463 2120 ventu
480 2068 642 2121 tantorum
664 2078 774 2139 regum
799 2055 928 2119 maximi
944 2070 975 2121 et
992 2057 1212 2142 sapientissimi
1235 2058 1319 2143 prin-

364 2157 451 2245 cipes
466 2158 695 2223 convenissent.
727 2158 914 2222 Reformata
926 2181 1002 2242 ergo
1014 2182 1090 2244 pace
1105 2181 1203 2243 regna
1212 2159 1321 2243 gavisa

364 2274 450 2326 sunt.
498 2260 559 2324 Sed
576 2260 654 2345 quid
671 2283 690 2322 a
706 2260 856 2323 membris
871 2260 990 2325 diaboli
1007 2274 1083 2325 tunc
1099 2274 1258 2346 ageretur,
1275 2263 1319 2325 rei

363 2362 472 2427 exitus
492 2361 656 2441 indicavit,
673 2362 698 2425 si
722 2374 827 2426 tamen
851 2362 891 2426 ad
915 2385 1007 2426 suum
1031 2362 1124 2425 finem
1141 2363 1320 2448 pervenisse

363 2463 514 2529 credendi
531 2477 617 2541 sunt,
634 2465 690 2549 qui
706 2465 738 2527 in
754 2463 976 2528 contumeliam
995 2464 1055 2528 Dei
1066 2464 1130 2527 sibi
1147 2464 1318 2529 vindictam

363 2581 561 2632 reservantes
577 2580 701 2632 tantum
715 2567 838 2631 facinus
850 2566 1085 2632 commiserunt.
1117 2567 1212 2631 Absit
1224 2567 1319 2647 enirn,

363 2685 401 2738 ut
417 2671 499 2734 hanc
513 2669 647 2755 gloriam
671 2692 771 2748 suam,
786 2670 878 2733 alteri
898 2670 990 2734 cedat
1011 2669 1161 2734 terribilis
1180 2669 1243 2749 ille,
1258 2672 1316 2756 qui

362 2775 469 2840 aufert
500 2773 655 2860 Spiritum
686 2773 879 2859 principum,
910 2786 942 2837 et
971 2797 1024 2836 eos
1052 2773 1107 2858 qui
1137 2774 1318 2838 inauditum

361 2875 521 2961 flagitium
543 2887 739 2962 perpetrasse
762 2887 946 2955 noscuntur,
966 2889 1052 2952 nota,
1076 2889 1107 2939 et
1126 2899 1187 2939 non
1211 2876 1318 2961 potius

362 2978 552 3044 miraculosa
567 2977 717 3063 percellat
738 2978 867 3042 ultione.
913 2978 995 3041 Nam
1018 2991 1144 3042 sanctus
1160 2977 1316 3064 pontifex,

363 3080 446 3145 sicut
462 3081 554 3144 vobis
568 3078 637 3142 aliis
660 3078 759 3144 literis
774 3079 839 3143 fida
858 3082 1011 3144 relatione
1032 3079 1243 3162 significatum
1259 3092 1317 3159 est,

364 3183 403 3247 de
420 3182 573 3247 aerumnis
592 3182 692 3268 hujus
710 3182 816 3245 saeculi
837 3181 976 3265 glorioso
996 3182 1148 3267 martyrio
1167 3182 1315 3268 migravit

363 3283 405 3347 ad
418 3283 606 3358 Dominum,
617 3296 653 3346 ut
660 3283 728 3367 jam
741 3283 847 3347 sedeat
861 3306 932 3346 cum
945 3282 1142 3369 principibus
1153 3294 1185 3348 et
1192 3283 1316 3369 judicet

363 3407 428 3463 eos,
451 3383 509 3470 qui
535 3407 568 3448 se
592 3386 865 3470 angustiaverunt,
892 3398 923 3450 et
951 3384 1168 3450 haereditatem
1197 3386 1316 3449 Christi

363 3485 469 3551 delere
483 3486 587 3550 conati
608 3500 692 3550 sunt.
738 3491 846 3561 Quum
868 3491 952 3552 enim
973 3486 1132 3567 Christus,
1145 3487 1222 3551 velit
1237 3486 1315 3551 nolit

362 3602 587 3674 persequutor,
603 3588 643 3651 sit
667 3591 755 3651 Deus
771 3611 866 3674 super
886 3591 992 3652 omnia
1011 3588 1197 3653 benedictus
1212 3590 1244 3652 in
1260 3613 1316 3654 sae-

362 3689 447 3767 cula,
460 3702 678 3752 momentanea
694 3688 859 3772 potestatis
874 3690 976 3767 elatae,
988 3691 1070 3755 sicut
1086 3711 1169 3775 saepe
1184 3688 1316 3754 audiens
1397 3739 1400 3746 .

362 3790 520 3866 doluistis,
546 3789 753 3875 praesumptio
784 3812 876 3853 suurn
907 3790 1058 3855 honorem
1088 3804 1119 3856 et
1150 3791 1316 3855 abusiones

362 3905 507 3957 veterum
524 3904 730 3978 tyrannorum
751 3891 914 3977 perpetuis
929 3892 1055 3978 legibus
1070 3910 1102 3959 et
1118 3893 1230 3957 honori
1253 3893 1315 3956 Dei

362 3994 563 4059 machinatus
577 4005 624 4057 est
640 3993 805 4058 anteferre.
844 3994 901 4071 Et,
914 3996 1037 4081 nequis
1052 3996 1183 4081 obloqui
1199 3994 1315 4058 audeat

363 4108 420 4161 aut
436 4095 565 4171 mutire,
581 4094 634 4158 alii
654 4108 796 4160 nostrum
819 4098 903 4184 capti
926 4112 1000 4162 sunt
1016 4112 1047 4164 et
1063 4097 1178 4163 retrusi
1196 4097 1228 4160 in
1249 4119 1315 4159 car-

362 4223 478 4277 cerem,
492 4199 546 4263 alii
562 4199 742 4285 proscripti,
758 4199 810 4263 alii
831 4200 1033 4266 condemnati
1053 4201 1159 4277 exilia,
1175 4200 1227 4263 alii
1243 4201 1315 4283 qui·

362 4301 426 4366 bus
439 4301 552 4367 melius
563 4300 671 4365 divina
686 4301 826 4386 providit
841 4302 1017 4378 clementia,
1035 4303 1094 4367 sibi
1110 4304 1186 4387 fuga
1203 4321 1316 4363 consu-

362 4403 504 4480 luerunt,
516 4426 556 4468 ne
567 4416 753 4489 paterentur
768 4417 823 4470 aut
837 4404 980 4468 viderent
996 4406 1152 4470 miseriam
1168 4407 1316 4483 fratrum,

819 4527 835 4570 s
852 4513 871 4571 2
