3384 5525
187 831 189 834 Ι
244 738 353 817 1167.]
623 755 800 800 nursinum.
1079 722 1087 738 ⁶
1159 740 1200 796 49

244 908 331 969 nolle
346 908 559 992 acquiescere.
590 909 687 971 Hanc
702 908 848 971 Christus
863 907 970 970 edicto
981 906 1195 990 promulgavit

240 1017 273 1069 et
284 1006 419 1072 firmavit
429 1011 593 1093 exemplo,
603 1009 704 1072 sactus
716 1008 872 1072 obediens
884 1029 984 1091 usque
997 1006 1038 1070 ad
1046 1015 1193 1085 mortem,

240 1104 361 1171 docens
376 1111 492 1193 quibus
507 1110 625 1174 finibus
643 1110 743 1173 virtus
765 1109 958 1173 obedientias
974 1107 1090 1171 debeat
1108 1106 1192 1169 limi-

239 1207 307 1269 tari.
352 1209 576 1274 obediendum
608 1209 694 1273 enim
725 1221 774 1273 est
802 1231 867 1273 non
895 1209 992 1273 modo
1022 1229 1124 1292 usque
1151 1205 1193 1269 ad

232 1305 393 1389 jacturam
404 1310 625 1393 temporalium
637 1320 669 1372 et
683 1310 824 1391 corporis
835 1310 1006 1386 cruciatus,
1016 1306 1074 1371 sed
1089 1327 1191 1391 usqne

237 1407 280 1470 ad
295 1411 419 1472 exitum
441 1410 563 1485 mortis,
578 1417 611 1472 et
629 1410 658 1471 si
672 1410 806 1473 certain
828 1412 1018 1473 necessitate
1039 1420 1191 1485 cessatur,

238 1508 339 1572 virtus
349 1510 610 1573 obedientiaenou
621 1511 800 1592 assequitur
809 1511 957 1593 palmam.
973 1509 1192 1591 Sapientiores

239 1610 337 1672 amici
351 1612 467 1675 melius
483 1613 615 1675 sortasse
632 1612 818 1675 consulent:
850 1611 907 1674 sed
923 1632 982 1691 ego
1000 1611 1087 1689 (Deo
1101 1611 1191 1688 teste)

239 1712 281 1775 ad
298 1734 439 1795 praesens
451 1712 651 1777 commodius
662 1713 783 1777 nescio.
822 1712 877 1777 Sic
889 1714 975 1776 enim
987 1711 1118 1774 Domini
1130 1710 1193 1773 mei

237 1811 321 1876 Jesu
336 1811 455 1878 Christi
477 1815 578 1896 gratia
597 1835 766 1898 persuasus
782 1836 862 1894 aum,
886 1827 918 1878 et
940 1835 1051 1877 omnes
1071 1814 1191 1877 amicos

240 1913 424 1995 persuaderi
440 1914 595 1992 desidero,
611 1913 700 1996 quod

341 2028 477 2080 Summum
488 2027 565 2080 credo
575 2024 651 2080 nefas
663 2028 777 2079 animam
790 2026 908 2097 praeferre
920 2027 1021 2098 pudori,

346 2114 383 2167 Et
393 2118 497 2185 propter
509 2114 590 2167 vitam
601 2112 704 2165 vivendi
716 2112 824 2184 perdere
835 2130 937 2167 causas.

256 2408 474 2473 EPISTOLA
498 2387 743 2474 cavum-an
765 2427 941 2473 mesanum
964 2426 1008 2471 oa
1030 2424 1158 2482 nonum,

335 2529 635 2575 cousramrrnusmr
650 2529 848 2574 nerscorum.
872 2513 918 2587 [a.
934 2531 964 2574 n.
984 2508 1092 2588 rtet]

280 2694 424 2757 Ricardo
438 2692 478 2755 de
495 2692 612 2754 Bolon
631 2694 796 2757 Constant.
812 2698 910 2776 episc.
927 2695 1023 2757 Jocn.
1040 2694 1151 2758 Sarac.

284 2818 1190 2901 SuenaafflictionedominimeiSaresbedensisepiscopi,

236 2920 327 3005 quod
343 2918 473 3002 quidem
482 2918 697 3002 justissimum
713 2929 772 2994 cst,
786 2919 937 2981 anxiatur
951 2917 1079 3001 spiritus
1091 2938 1191 2996 meua,

238 3042 278 3084 eo
295 3019 425 3104 quidem
448 3020 584 3100 gravius,
602 3040 667 3101 quo
683 3018 787 3080 minus
809 3018 929 3079 laboris
943 3017 1040 3102 hujus
1061 3018 1189 3082 facilem

236 3122 360 3185 exitum
382 3120 479 3183 videt.
525 3120 653 3192 Quanta
667 3129 774 3182 autem
796 3117 965 3181 sedulitate
980 3119 1066 3202 apud
1086 3118 1187 3183 domi·

237 3244 316 3286 num
332 3221 595 3285 Cantuariensem
619 3220 736 3301 egerim
759 3231 794 3282 ut
816 3240 889 3282 eum
910 3221 1079 3297 relaxaret,
1099 3221 1189 3284 novit

235 3325 399 3407 inspector
408 3334 441 3386 et
450 3322 556 3406 judex
567 3322 718 3384 omnium.
743 3321 807 3385 Sed
817 3321 919 3383 labori
935 3343 1006 3384 meo
1019 3343 1186 3388 successus

239 3425 339 3488 defuit
354 3445 397 3486 cx
419 3424 514 3486 variis
529 3423 645 3498 causis,
662 3445 741 3507 quas
755 3436 898 3486 retexere
917 3444 1185 3506 supervacaneum

235 3526 378 3602 arbitror,
408 3525 484 3608 quia
505 3524 658 3606 plurimas
680 3546 787 3589 earum
810 3525 859 3586 M.
884 3521 1047 3588 Gilbertus
1079 3526 1185 3592 fidelis

235 3638 339 3689 vester
361 3626 401 3689 ab
423 3626 524 3709 ipsius
546 3626 779 3710 archiepiscopi
801 3647 854 3688 ore
877 3625 1008 3689 audivit.
1054 3628 1100 3690 Ut
1115 3651 1188 3693 vero

235 3739 360 3792 taceam
371 3727 518 3810 plurima,
529 3748 572 3790 ex
583 3727 918 3790 eomaximemovetur
928 3727 1188 3814 archiepiscopus

235 3827 322 3911 quod
346 3826 495 3889 dominus
525 3827 773 3890 saresberiensis
795 3827 929 3889 formam
959 3828 1184 3895 inobedientia

231 3928 356 4013 caeteris
377 3927 475 4001 dedit,
497 3937 529 3991 et
545 3926 651 3991 adhuc
673 3927 791 3991 assistit
812 3927 1044 4003 Londouicnsi‚
1063 3940 1095 3991 et
1116 3931 1188 3995 aliis

237 4028 294 4111 qui
308 4036 457 4110 quoerunt
479 4027 617 4091 animam
637 4027 707 4111 ejus
722 4037 758 4090 ut
778 4028 921 4092 auferant
940 4050 1021 4091 eam.
1066 4030 1189 4114 Adjicit

237 4129 334 4191 etiarn
358 4127 444 4211 quod
468 4128 498 4191 ei
521 4130 752 4192 contumaciter
774 4130 947 4213 scripserit,
969 4142 1002 4192 et
1023 4130 1083 4192 sub
1106 4152 1185 4212 prae-

236 4228 1188 4314 textufrivolaeappellationiacrimeuinobedientiaestuduit

239 4329 394 4402 colorare,
406 4329 463 4392 sed
474 4351 538 4392 non
551 4350 623 4392 eum
632 4340 746 4414 postea
756 4330 1015 4413 praesumptionis
1029 4329 1187 4409 poenituit,

283 4446 356 4490 vot.
377 4446 413 4491 11.
708 4449 728 4490 a
