3384 5525
369 742 476 863 lton]
754 799 929 846 umsrorm.
1261 788 1316 846 101

366 956 414 1017 Ut
443 957 551 1019 saltem
582 953 691 1017 audita
721 955 787 1018 vita
816 976 936 1029 eornm,
964 956 1022 1018 etsi
1053 975 1118 1017 non
1149 955 1317 1038 sospitate,

365 1078 460 1140 quam
487 1056 564 1120 mihi
590 1078 685 1120 nemo
709 1057 899 1139 persuadere
922 1067 1041 1141 potest,
1064 1056 1197 1141 aliquod
1220 1067 1317 1120 tantae

366 1158 626 1240 peregrinationis
642 1170 674 1222 et
688 1160 855 1222 laboriosae
871 1159 1004 1232 militiae,
1022 1179 1086 1242 qua
1100 1180 1158 1241 pro
1173 1158 1317 1222 libertate

365 1260 475 1343 patriae
498 1281 680 1343 pugnamus
703 1260 743 1323 ad
767 1261 897 1342 bestias,
918 1260 1109 1343 recipiamus
1131 1269 1162 1322 te
1183 1260 1319 1322 interve-

364 1360 473 1424 niente
489 1361 656 1436 solatium3
677 1361 752 1422 illos
768 1362 854 1422 enim
869 1381 967 1425 nosce
985 1366 1204 1424 consueveras.
1248 1363 1317 1443 Age

365 1483 439 1544 ergo
455 1472 582 1525 strenue
604 1460 693 1543 quod
709 1462 844 1543 caepisti,
857 1472 892 1523 et
915 1462 1020 1523 laetare
1044 1470 1077 1523 et
1098 1462 1246 1541 spemin
1269 1464 1319 1525 his

365 1585 439 1647 quae
455 1562 543 1625 dicta
565 1572 639 1624 suut
661 1562 766 1638 nobiS,
782 1562 860 1645 quia
875 1573 1002 1625 auctore
1022 1563 1093 1624 Deo
1116 1562 1148 1623 in
1172 1563 1319 1645 proximo

362 1663 556 1747 recipiemus
567 1662 738 1746 stipendia,
747 1676 779 1725 et
790 1664 916 1725 hostem
928 1662 1096 1743 publicum
1109 1662 1319 1746 conjiciemus

367 1766 400 1827 in
427 1766 567 1839 vincula,
592 1775 647 1827 aut
672 1786 691 1827 a
715 1764 826 1848 patriae
850 1765 1099 1847 persequutione
1125 1765 1263 1829 cessabit
1287 1787 1320 1828 sc

368 1864 492 1929 dedens
522 1866 661 1948 principi
691 1866 746 1949 qui
776 1866 851 1928 vivit
873 1874 907 1928 et
935 1865 1047 1927 merito
1068 1864 1261 1928 dominatur
1288 1866 1322 1928 iu

369 1966 517 2029 universa
531 1978 622 2030 terra.
668 1966 874 2030 Fredevicum
889 1967 972 2047 intra
994 1967 1126 2051 Papiam
1150 1969 1323 2031 clausimus

366 2078 399 2130 et
414 2078 556 2131 tenemus
571 2069 754 2131 obsessum:
785 2067 908 2152 ejectos
924 2089 943 2130 a
961 2068 1174 2132 schismaticis
1196 2069 1321 2153 episco-

366 2190 427 2252 pos
443 2167 629 2232 reduximus
644 2169 678 2231 in
702 2168 796 2233 sedes
815 2190 901 2246 suas,
917 2178 950 2231 et
972 2171 1109 2232 contrito
1134 2170 1238 2252 capite
1262 2171 1321 2234 im·

367 2270 493 2354 piorum
509 2272 651 2333 membra
675 2272 818 2335 camium
835 2272 1030 2335 cohaerentia
1053 2272 1116 2335 sibi
1138 2272 1234 2336 facile
1259 2273 1323 2336 dis·

371 2372 540 2434 solventur.
585 2373 614 2433 A
638 2382 694 2434 tuo
719 2371 815 2452 igitur
838 2392 946 2445 sensu,
961 2370 996 2433 id
1019 2381 1069 2433 est
1092 2382 1188 2449 recto,
1203 2395 1323 2458 nequa·

371 2493 467 2555 quam
483 2473 649 2546 movearis,
664 2495 771 2556 neque
791 2494 850 2555 per
872 2472 1030 2555 Spiritum
1052 2495 1156 2557 neque
1181 2496 1237 2557 per
1259 2498 1324 2539 ser·

371 2594 510 2648 monem,
525 2596 630 2658 neque
645 2596 703 2658 per
719 2576 888 2656 epistolam
913 2586 1067 2656 tanquam
1083 2575 1123 2638 ab
1147 2579 1324 2660 apostolico

369 2676 510 2752 missam,
525 2676 617 2758 quasi
632 2676 729 2737 instet
742 2675 790 2737 ira
805 2676 869 2737 Dei
889 2675 998 2758 justos
1013 2674 1161 2740 deserens
1176 2679 1210 2739 in
1224 2678 1322 2741 tribu-

366 2777 506 2841 latione:
534 2788 567 2851 et
581 2777 690 2858 impiis
704 2777 738 2837 in
753 2777 876 2840 malitia
899 2779 1176 2860 perseverantibus
1191 2779 1324 2860 gloriam

367 2878 508 2959 largiens
522 2885 555 2938 et
565 2877 771 2959 triumphum.
811 2875 947 2939 Videbis
958 2878 992 2938 in
1004 2878 1092 2939 brevi
1104 2877 1236 2959 gloriam
1252 2881 1327 2956 Dei,

368 2988 402 3040 et
415 2976 543 3060 impleri
559 2976 786 3058 promissiones
803 2986 940 3060 patrum,
955 2997 1036 3060 quas
1059 2976 1200 3040 infidelis
1224 2981 1326 3060 perci-

370 3101 446 3164 pere
460 3100 527 3141 non
542 3087 688 3140 meretur.
726 3079 811 3140 Nam
827 3077 930 3160 etqui
949 3077 1130 3141 Jerusalem
1140 3079 1328 3144 imminente

370 3179 594 3244 Sennacherib
610 3178 772 3241 oraculum
787 3179 954 3260 prophetae
970 3177 1103 3242 audiens
1123 3178 1246 3244 diffisus
1268 3194 1328 3260 est,

372 3292 405 3346 et
429 3302 499 3344 eam
526 3291 588 3344 tam
614 3282 679 3344 cita
701 3281 900 3359 liberatione,
916 3292 948 3344 et
970 3281 1153 3345 victualium
1176 3283 1280 3366 copia,
1295 3296 1328 3348 et

372 3383 473 3464 gloria
498 3382 651 3466 triumphi
678 3383 909 3445 sublevandam
936 3394 969 3446 et
997 3383 1232 3448 sublimandam
1257 3408 1326 3450 esse

373 3505 439 3546 nou
456 3481 601 3558 credidit,
617 3484 651 3547 in
666 3495 758 3564 porta
772 3483 910 3546 civitatis
931 3485 1093 3570 extinctus
1116 3498 1176 3562 est,
1192 3508 1328 3552 concur·

374 3585 515 3648 rentibus
533 3583 674 3648 fidelium
689 3586 790 3648 turbis
809 3584 850 3648 ad
875 3586 1035 3668 magnalia
1057 3584 1173 3651 divinae
1194 3591 1328 3672 promis·

374 3686 484 3751 sionis.
530 3687 565 3750 si
581 3708 632 3749 me
648 3694 769 3749 mutato
785 3686 914 3749 nomine
930 3685 1069 3749 audieris
1083 3687 1117 3749 in
1139 3689 1232 3753 Italia
1247 3692 1330 3754 mili·

374 3798 453 3866 tare,
474 3809 541 3850 non
567 3787 788 3870 obstupescas,
811 3786 869 3849 sed
895 3788 1020 3870 imputa
1045 3787 1104 3850 tibi
1133 3789 1188 3872 qui
1214 3812 1265 3854 me
1295 3795 1329 3856 in

374 3889 471 3952 Italia
480 3888 607 3952 donasti
616 3889 746 3969 cingulo
756 3887 893 3950 militari.
916 3888 1006 3951 Vale.
1028 3887 1114 3951 Cura
1123 3890 1330 3972 lethargicos:

375 3999 408 4050 et
422 3989 450 4051 si
465 3988 638 4070 tricipitem
658 4007 787 4049 carnem
811 3986 868 4047 tibi
892 3985 1035 4049 insidiari
1058 3995 1114 4049 aut
1128 3997 1164 4049 ut
1186 4002 1332 4071 patenter

375 4089 473 4153 laedat
495 4111 663 4153 occurrere
687 4088 868 4170 contigerit,
892 4110 964 4152 eum
996 4089 1153 4152 invocato*
1170 4111 1331 4157 musarum

376 4191 498 4253 auxilio
533 4190 663 4254 studeas
694 4189 886 4268 demulcere,
916 4200 972 4253 aut
1003 4191 1167 4252 Herculea
1201 4191 1331 4258 domare

377 4293 476 4354 clava.
519 4292 643 4355 Salutat
658 4302 689 4354 te
707 4302 881 4354 castrorum
902 4290 978 4352 fidei
996 4290 1189 4372 jucundant
1214 4296 1332 4356 meritis

377 4394 444 4455 suis
460 4393 682 4475 amplectenda
698 4392 820 4455 militia.
860 4395 936 4455 Non
953 4391 1030 4453 mihi
1046 4390 1240 4470 displicebit,
1257 4393 1330 4456 dum
