3384 5525
385 784 497 865 nea]
775 801 955 848 anrsroun.
1279 788 1339 847 129

382 956 526 1019 fortassis
548 953 701 1020 dilatione
725 978 787 1039 qua
810 956 990 1019 necessaria
1016 965 1146 1039 quaerat,
1169 969 1201 1020 et
1227 955 1339 1019 domui

379 1080 447 1121 suae
463 1058 632 1143 disponere
644 1059 763 1142 possit:
787 1059 921 1121 fortasse
934 1059 993 1121 sub
1009 1079 1048 1120 eo
1060 1069 1217 1142 praetextu
1230 1060 1338 1141 colligi

378 1171 542 1243 poterunt,
557 1182 629 1245 quae
645 1162 717 1224 Deo
733 1162 852 1243 gratius
869 1172 1050 1240 erogentur.
1092 1162 1130 1223 Iu
1146 1162 1248 1244 ipsius
1262 1183 1338 1224 vero

379 1262 552 1345 legationis
574 1262 776 1346 susceptione
799 1262 906 1326 omnia
927 1283 1032 1325 eausae
1055 1262 1132 1326 vitia
1149 1272 1181 1326 et
1201 1263 1337 1347 impedi·

378 1373 488 1428 menta
502 1364 708 1448 protestanda
723 1376 808 1439 sunt,
824 1375 860 1428 ut
874 1376 907 1428 et
920 1364 1119 1428 conscientia
1133 1376 1274 1428 servetur
1288 1366 1337 1427 in-

373 1465 515 1542 demnis,
530 1478 562 1529 et
576 1476 612 1530 ut
626 1486 752 1530 amarus
766 1465 875 1528 exitus
896 1473 1008 1547 postea
1022 1486 1087 1527 non
1103 1463 1219 1527 debeat
1234 1466 1336 1549 impu·

380 1566 448 1629 tari.
478 1566 637 1647 Exigetur
651 1567 730 1629 sorte
742 1565 783 1627 de
799 1565 959 1628 mandatis
975 1564 1158 1646 diligentius
1173 1585 1336 1648 exequen-

379 1666 431 1731 dis
444 1668 523 1731 nori
537 1668 643 1732 cautio
658 1666 852 1752 juramenti:
884 1665 1021 1730 sednon
1044 1667 1138 1729 video
1154 1688 1219 1750 quo
1241 1669 1337 1731 modo

379 1771 449 1833 sine
465 1769 671 1855 turpitudinis
686 1780 761 1833 nota
776 1779 952 1853 praestetur.
999 1769 1091 1833 Nihil
1107 1779 1210 1833 autem
1226 1770 1336 1834 utilius

380 1894 451 1937 esse
468 1873 621 1938 dilatione
637 1873 734 1938 eredo
749 1873 776 1936 si
787 1883 894 1956 potest
909 1872 1088 1955 impetrari:
1120 1874 1195 1957 quia
1209 1884 1336 1937 auctore

380 1976 524 2040 Domino
546 1976 673 2039 interim
697 1986 751 2038 aut
771 1995 837 2056 pax
858 1974 1089 2050 reformabitur,
1113 1989 1169 2039 aut
1190 1975 1337 2038 dominus

378 2099 474 2162 papa,
487 2079 537 2141 rel
552 2078 731 2141 cardinales
745 2076 807 2139 alio
819 2075 996 2159 procedent
1011 2077 1156 2151 consilio,
1169 2087 1225 2140 aut
1239 2077 1336 2140 totius

376 2179 500 2261 negotii
514 2181 646 2245 sormam
662 2190 806 2263 oporteat
821 2179 992 2242 immutari.
1023 2180 1154 2243 Utinam
1171 2180 1252 2243 veris
1267 2200 1336 2262 gra·

378 2282 467 2347 viora
482 2283 548 2347 sint
561 2283 703 2367 pericula
718 2303 791 2365 quae
806 2280 966 2354 timentur,
983 2291 1016 2344 et
1038 2282 1218 2346 sollicitudo
1235 2283 1337 2345 varios

381 2385 513 2448 timores
524 2385 693 2449 incusserit
711 2383 837 2447 amanti.
880 2383 915 2446 si
932 2382 1140 2459 Cicestrensis
1155 2397 1188 2449 et
1210 2384 1337 2466 Wigor-

381 2483 487 2549 irensis
496 2508 626 2572 operam
636 2485 784 2551 dederint
793 2496 825 2549 et
833 2485 1042 2568 diligentiam,
1055 2487 1140 2568 quod
1155 2498 1191 2551 ut
1205 2489 1338 2552 arbitror

380 2590 542 2673 poterunt,
566 2589 729 2672 quomodo
752 2598 826 2652 tuus
846 2587 1045 2652 Exonieusis
1064 2591 1263 2673 expediatur,
1285 2614 1336 2655 ru-

378 2691 523 2755 moribus
546 2691 654 2754 minus
680 2690 816 2753 credam.
863 2689 1017 2773 Alioquin
1048 2704 1255 2776 praesumetur
1280 2715 1336 2757 eos

378 2794 580 2859 machinatos
609 2815 680 2858 esse
709 2793 889 2877 perieulum
920 2792 1023 2857 fratris
1054 2794 1141 2878 quod
1177 2797 1337 2859 noluerint

377 2894 546 2980 impedire.
591 2896 667 2958 Hoc
691 2906 797 2958 autem
823 2906 943 2957 certum
969 2893 1100 2972 habeas,
1124 2895 1210 2977 quod
1232 2896 1335 2958 archi-

375 2998 553 3081 episcopus
563 3007 646 3061 ratas
656 3018 721 3060 non
732 2997 829 3060 babet
840 2994 1057 3058 absolutiones
1068 2995 1223 3078 quasdam
1234 2997 1335 3060 factas

368 3170 372 3177 .
410 3096 645 3161 cardinalibus:
670 3096 772 3160 ethoc
784 3097 892 3179 ipsum
902 3093 1094 3175 significavit
1106 3096 1165 3159 eis:
1191 3096 1337 3162 deferens

361 3120 487 3264 &men
513 3199 701 3284 apostolicae
727 3197 796 3262 sedi
821 3197 925 3260 uoluit
951 3217 1007 3260 eos
1032 3219 1163 3280 arguere
1189 3200 1335 3284 publice:

378 3301 554 3386 praesertim
579 3322 675 3385 quum
701 3300 889 3384 promittant
914 3321 948 3363 se
975 3300 1119 3364 celeriter
1143 3314 1357 3397 correcturos?

380 3403 467 3488 quod
484 3403 694 3466 circumventi
709 3403 952 3486 presumpsisse
967 3415 1151 3467 noscuntur.
1190 3405 1334 3486 Rogare-

377 3517 452 3570 ruut
467 3505 648 3569 cardinales
663 3503 946 3588 arehiepiscopum
956 3525 998 3566 ne
1010 3506 1268 3569 Loudoniensem
1285 3507 1335 3569 vel

379 3607 460 3670 alios
483 3605 693 3683 demrueiaret
717 3607 1025 3684 excommunicatos,
1048 3605 1124 3670 dum
1148 3628 1222 3689 spes
1246 3607 1335 3689 pacis

380 3719 476 3787 esset,
491 3718 524 3771 et
538 3708 609 3791 ipsa
624 3719 700 3772 tuuc
716 3707 889 3791 adquievit.
