3384 5525
736 797 759 854 1
776 794 949 873 168]
1480 811 1841 857 EPlsToLAE.
2518 800 2637 860 10⁷

727 985 808 1026 eo
842 963 1015 1047 quod
1060 964 1231 1025 omui
1276 963 1381 1026 die
1426 974 1490 1027 et
1528 965 1684 1027 hora
1729 965 2024 1028 solatium
2070 974 2135 1027 et
2179 966 2632 1048 compendium

728 1068 1021 1130 afferunt.
1085 1069 1237 1131 Hoc
1263 1078 1363 1130 est
1393 1068 1659 1130 fortasse
1681 1067 1929 1149 lignum
1962 1068 2247 1132 scientiae
2273 1068 2633 1150 singularis,

724 1180 789 1232 et
818 1170 1025 1232 unicae
1069 1170 1418 1252 sapientiae,
1455 1170 1791 1251 pulchrum
1823 1170 1987 1249 visu,
2030 1180 2094 1233 et
2123 1169 2204 1232 ad
2249 1169 2636 1234 vescendum

726 1291 941 1347 suave,
1001 1270 1176 1354 quod
1237 1272 1527 1353 patribus
1600 1269 1863 1353 quidem
1929 1270 2321 1355 prohibitum
2381 1271 2637 1348 nostris,

728 1371 1077 1434 coaetaneis
1110 1380 1208 1435 est
1237 1391 1636 1434 concessum.
1727 1371 1968 1433 Valete.

798 1626 1251 1690 EPISTOLA
1300 1626 1947 1690 CCXXXVlI.—-An
1991 1644 2286 1689 ΤΗΟΜΔΜ
2331 1647 2567 1692 Anem-

930 1745 1311 1791 EPIscoPUM
1344 1746 1933 1793 CANTUARIENSEM.
1988 1724 2078 1806 [Α.
2112 1748 2174 1791 n.
2215 1731 2432 1811 1168]

730 1861 1015 1924 Domino
1039 1861 1512 1925 Cantuariemi
1539 1861 1798 1943 quando
1819 1862 2384 1945 Reqinaldussuit
2400 1865 2639 1929 Romoe.

821 1993 1153 2057 ROMANos
1206 1994 1428 2058 amicis
1489 1996 1684 2057 verba
1730 1994 1880 2057 dare
1929 1995 2066 2081 jam
2114 2018 2302 2059 nemo
2357 1999 2639 2077 miratur,

737 2097 893 2180 quia
914 2096 1283 2178 percelebre
1307 2108 1422 2171 est,
1437 2107 1501 2158 et
1519 2096 1797 2159 innotuit
1816 2097 2120 2161 universis
2142 2098 2319 2181 quod
2343 2099 2513 2182 apud
2527 2121 2640 2163 eos

978 2211 1247 2272 Quantum
1272 2210 1489 2279 quisque
1513 2227 1606 2262 sua
1628 2227 1958 2263 nummorum
1981 2210 2154 2264 fundit
2176 2212 2242 2264 ab
2267 2230 2404 2277 arca,

978 2295 1211 2347 Tantum
1233 2294 1395 2346 habet
1415 2299 1472 2347 et
1492 2293 1651 2346 fidei:

732 2412 799 2464 et
848 2402 1223 2484 plerumque
1274 2401 1604 2483 obliquata
1655 2412 1889 2478 mente,
1931 2402 2146 2481 legum
2186 2411 2251 2464 et
2295 2422 2637 2478 canonum,

732 2504 850 2587 qui
908 2524 1164 2565 munere
1223 2504 1435 2586 potior
1495 2510 1610 2578 est,
1668 2502 1991 2585 potentior
2047 2514 2144 2567 est
2203 2512 2267 2565 et
2311 2504 2476 2587 jure.
2567 2505 2639 2569 Si

735 2626 889 2685 ergo
917 2604 1012 2665 ibi
1035 2600 1377 2687 duplicitas
1398 2603 1727 2687 reperitur,
1758 2604 1917 2666 nihil
1951 2603 2190 2667 accidit
2219 2606 2641 2689 inopinatum,

734 2725 935 2789 quum
987 2704 1281 2788 frequens
1333 2703 1416 2766 sit
1466 2711 1539 2766 ut
1589 2702 1806 2766 divina
1856 2705 1963 2767 lex
2015 2701 2424 2787 dispendium
2476 2706 2641 2788 pati-

734 2817 899 2880 atur,
946 2805 1055 2867 ubi
1114 2803 1535 2888 dispensandi
1591 2804 2036 2867 necessitatem
2099 2804 2282 2885 fingit
2340 2806 2636 2866 avaritia:

736 2925 938 2990 quum
1000 2917 1213 2968 tamen
1288 2905 1607 2989 aequitatis
1679 2905 2094 2982 eversionem,
2158 2914 2224 2966 et
2288 2901 2643 2968 honestatis

736 3005 1088 3068 ludibrium
1117 3027 1466 3090 numquam
1514 3007 1673 3068 ratio
1707 3004 2092 3067 introducat.
2182 3005 2642 3082 Veruntamen,

739 3106 914 3169 unde
959 3107 1191 3188 gratias
1222 3127 1342 3188 ago
1374 3109 1518 3170 Deo
1564 3117 1630 3168 et
1675 3105 1937 3168 domino
1979 3126 2192 3188 papae,
2235 3104 2448 3168 adhuc
2477 3107 2642 3170 bene

737 3206 1077 3270 nobiscum
1140 3207 1241 3288 agi
1293 3227 1553 3284 censeo,
1611 3206 1789 3289 quod
1850 3205 1930 3268 ad
1990 3216 2086 3270 tot
2136 3216 2200 3269 et
2256 3215 2432 3270 tanta
2474 3207 2641 3270 toni-

741 3321 881 3371 trua
922 3307 1512 3383 comminationum,
1555 3307 1636 3371 ad
1682 3317 1778 3371 tot
1819 3324 1884 3371 et
1928 3315 2244 3371 tantarum
2276 3308 2640 3392 promissio·

740 3430 899 3471 num
932 3404 1314 3486 blandiciae,
1370 3408 1456 3470 ad
1513 3410 1847 3472 machinas
1905 3410 2423 3487 Balaamitarum,
2480 3430 2642 3494 quas

739 3509 1102 3572 subornatis
1145 3522 1210 3571 et
1253 3509 1595 3592 exquisitis
1635 3508 1989 3572 mendaciis
2029 3509 2109 3571 ab
2150 3509 2392 3571 oriente
2437 3530 2642 3593 usque

734 3611 803 3672 in
861 3610 1147 3672 Siciliam
1193 3609 1343 3672 dolo
1388 3611 1734 3693 multiplici
1790 3621 2146 3686 erexerunt,
2205 3631 2334 3672 non
2380 3612 2641 3673 omnino

739 3711 979 3774 fractus
1009 3721 1129 3789 est,
1158 3710 1269 3773 sed
1302 3721 1374 3772 ut
1413 3711 1698 3791 arbitror,
1742 3721 1940 3774 artem
1969 3731 2183 3774 eorum
2215 3719 2348 3774 arte
2379 3723 2646 3775 conatur

740 3810 1023 3888 eludere,
1052 3822 1116 3874 et
1141 3810 1372 3873 furoris
1415 3810 1728 3893 impetum
1757 3810 2043 3891 frangere
2088 3811 2354 3888 ratione,
2384 3820 2450 3874 et
2477 3812 2641 3895 sapi-

742 3913 919 3975 entia
953 3911 1313 3974 declinare:
1358 3910 1583 3974 laudes
1629 3922 1841 3974 tamen
1894 3909 2055 3995 ejus,
2097 3920 2286 3994 prout
2327 3913 2647 3989 meruerit,

741 4014 811 4075 in
864 4009 994 4076 fine
1046 4033 1316 4077 canam:
1362 4034 1483 4076 nec
1542 4013 1608 4075 in
1667 4013 1986 4076 inchoatae
2049 4012 2299 4076 virtutis
2343 4012 2647 4097 auspiciis

741 4115 1072 4192 exultab0‚
1102 4115 1230 4177 nisi
1274 4115 1740 4198 perseverantia
1779 4114 2145 4178 meritorum
2171 4114 2368 4177 finem
2397 4114 2653 4178 dedux-

743 4215 861 4279 erit
890 4216 971 4279 ad
1002 4214 1413 4300 triumphum.
1503 4216 1778 4279 Interim
1796 4237 1941 4279 vero
1962 4216 2031 4277 in
2052 4226 2299 4297 partem
2320 4214 2651 4277 meliorem

742 4313 1225 4398 interpretanda
1276 4324 1427 4376 sunt
1456 4314 1694 4393 omnia,
1722 4317 2071 4397 praesertim
2119 4333 2315 4393 opera
2347 4309 2560 4373 Patris
2588 4321 2656 4373 ut

749 4415 1040 4495 Domini,
1100 4434 1244 4500 quae
1276 4436 1406 4478 non
1469 4425 1723 4480 constat
1779 4416 1849 4478 in
1894 4411 2309 4493 perversitate
2367 4405 2656 4474 affinis
