3384 5525
369 774 476 853 llos]
742 793 921 837 umsronn.
1259 780 1320 837 aul

363 943 487 1007 censuit
510 941 709 1007 imitandum.
755 942 881 1018 Quibus
901 942 1031 1017 auditis,
1048 942 1260 1006 discesserunt
1277 966 1324 1006 re·

363 1044 468 1130 ligiosi
484 1044 656 1108 tundentes
676 1056 806 1127 pectora
821 1066 889 1117 sua,
906 1044 993 1130 quod
1010 1043 1042 1106 in
1059 1042 1222 1106 audientia
1243 1044 1326 1128 pub-

363 1146 425 1209 lica
439 1145 574 1209 ulterius
588 1144 761 1229 quicquam
778 1157 962 1226 exegerant.
1003 1146 1074 1206 Rex
1091 1166 1222 1229 quoque
1238 1168 1327 1208 sanc·

364 1246 519 1321 tissimus,
535 1245 724 1331 poenitentia
738 1244 868 1324 ductus,
877 1249 1001 1309 veniam
1016 1244 1211 1329 imploravit,
1227 1245 1329 1331 quod,

366 1347 587 1430 religiosorum
616 1359 775 1430 sequutus
803 1346 995 1431 opinionem,
1021 1347 1174 1409 honorem
1202 1350 1265 1411 Dei
1295 1359 1327 1410 et

367 1447 512 1511 ordinem
529 1447 651 1511 salvum
668 1451 734 1511 lore
750 1446 952 1511 consuluerat
968 1446 1104 1511 reticeri.

413 1550 460 1612 Et
477 1552 554 1632 quia
569 1548 718 1612 dominus
733 1547 973 1612 Cantuariensis
988 1570 1045 1632 per
1060 1546 1202 1610 inimicos
1217 1547 1328 1611 terreri

369 1672 432 1713 non
463 1649 581 1735 potuit,
611 1661 684 1735 post
713 1670 785 1711 eum
818 1671 921 1732 usque
959 1649 1107 1733 Stampas
1137 1647 1252 1710 missus
1281 1661 1328 1712 est

369 1751 539 1837 episcopus
560 1750 779 1827 Pictaviensis‚
800 1749 972 1813 sollicitans
995 1763 1031 1813 ut
1053 1772 1113 1835 pro
1132 1750 1216 1812 bono
1231 1748 1328 1834 pacis,

370 1874 469 1939 quam
492 1875 533 1915 ex
556 1851 675 1915 auditis
696 1850 958 1935 promissionibus
979 1849 1200 1915 indubitanter
1223 1872 1329 1934 spera·

371 1957 439 2034 bat,
454 1976 519 2018 rem
536 1966 636 2018 totam
652 1953 809 2017 conferret
825 1952 857 2015 in
874 1952 1041 2016 arbitrium
1064 1952 1157 2037 regis.
1203 1954 1250 2016 At
1264 1951 1329 2027 ille,

372 2058 430 2142 qui
452 2054 640 2142 hujusmodi
662 2053 889 2119 blandimentis
912 2077 995 2139 saepe
1018 2054 1148 2119 delusus
1170 2066 1249 2130 erat,
1271 2053 1330 2117 sci·

372 2181 494 2243 ensque
515 2156 636 2220 incauti
659 2157 797 2239 pastoris
818 2179 886 2219 esse
908 2179 998 2220 ovem
1023 2156 1100 2241 lupo
1122 2156 1330 2232 committere,

373 2259 529 2344 promisit,
545 2257 633 2321 salvo
650 2257 769 2321 honore
793 2258 855 2321 Dei
878 2271 910 2322 et
930 2259 1041 2322 ordine
1063 2272 1095 2323 et
1114 2259 1280 2322 honestate
1298 2270 1331 2321 et

373 2361 520 2425 libertate
549 2359 701 2436 ecclesiae,
731 2383 764 2422 se
794 2384 853 2445 pro
883 2383 989 2423 amore
1019 2362 1102 2445 regis
1131 2361 1237 2424 omnia
1265 2383 1331 2424 esse

374 2463 549 2538 facturum,
580 2461 635 2526 sed
672 2460 752 2525 nihil
788 2462 1017 2545 promissurum
1048 2465 1080 2525 in
1110 2462 1333 2548 praejudicium

376 2564 494 2628 divinae
524 2564 612 2649 legia.
658 2565 820 2628 Reversus
850 2564 891 2627 ad
922 2587 1027 2647 regem
1055 2565 1270 2642 pictaviensis,
1296 2576 1333 2629 ut

377 2666 481 2750 ipsius
503 2666 644 2729 animum
666 2665 824 2740 deliniret,
849 2666 974 2730 mitiora
994 2666 1171 2753 proposuit,
1193 2688 1333 2731 asserens

377 2768 466 2853 quod
487 2768 744 2854 archiepiscopus
769 2769 1009 2833 Cantuariensis
1024 2770 1053 2832 ei
1076 2793 1108 2834 se
1129 2791 1195 2854 prae
1211 2768 1334 2831 cunctis

377 2870 567 2935 mortalibus
581 2882 613 2933 et
628 2893 753 2935 causam
767 2894 855 2936 suam
872 2872 941 2956 ejus
956 2871 1176 2935 committebat
1188 2870 1332 2945 arbitrio,

377 2996 494 3058 rogans
514 2986 552 3037 ut
573 2973 641 3059 ipse
666 2987 815 3058 tanquam
837 2977 985 3057 princeps
1006 2972 1209 3036 Christianus
1229 2971 1334 3057 provi-

335 3085 340 3090 '
380 3075 469 3140 deret
492 3075 651 3139 honestati
674 3075 812 3139 ecclesiae
835 3089 867 3138 et
889 3096 1043 3160 personae.
1088 3072 1183 3147 Quod
1201 3074 1334 3136 verbum

379 3177 432 3241 ille
453 3190 618 3260 gratanter
636 3176 832 3262 amplexans,
854 3177 1000 3262 promisit
1025 3199 1058 3238 se
1078 3187 1252 3260 utrumque
1269 3175 1332 3237 fac-

381 3293 502 3358 turum,
517 3278 686 3363 praefigens
708 3279 947 3364 archiepiscopo
969 3278 1053 3342 diem
1073 3276 1224 3362 colloquii
1240 3278 1335 3362 quin-

381 3379 611 3443 tumdecimum
628 3403 647 3442 a
667 3379 719 3443 die
743 3380 872 3443 secundi
896 3380 1058 3465 colloquii.
1103 3382 1175 3444 Rex
1198 3379 1336 3459 interim,

382 3482 459 3564 quia
474 3491 606 3542 noverat
626 3501 683 3564 per
698 3478 828 3543 fratrem
853 3479 1051 3544 Bernardum
1075 3479 1154 3564 quid
1170 3479 1200 3541 in
1216 3478 1336 3542 domini

382 3602 474 3664 papae
489 3579 736 3644 comminatoriis
752 3581 934 3657 haberetur,
951 3596 982 3645 et
998 3581 1234 3665 archiepiscopo
1249 3580 1338 3644 resti-

383 3694 486 3745 tutam
502 3694 534 3745 et
549 3681 695 3746 collatam
718 3696 906 3768 potestatem
929 3682 1199 3746 animadvertendi
1215 3682 1247 3744 in
1263 3704 1335 3744 eum

384 3796 415 3847 et
432 3795 548 3846 terram
565 3805 666 3857 suam,
682 3785 837 3869 regnique
853 3806 1013 3869 personas,
1027 3783 1160 3845 nuncios
1175 3782 1215 3845 ad
1232 3781 1337 3846 sedem

384 3882 587 3966 apostolicam
611 3881 691 3944 clam
716 3883 839 3947 mittere
863 3882 1063 3967 disponebat,
1078 3894 1110 3945 et
1132 3882 1337 3966 saepedictum

385 3985 645 4048 Cantuariensem
663 3986 723 4048 sub
739 4005 794 4068 spe
816 3984 1076 4048 reconciliationis
1092 3983 1230 4046 eludere.
1268 3983 1339 4047 Pic-

384 4087 533 4150 taviensis
552 4100 659 4150 autem
675 4100 706 4149 et
723 4086 789 4171 ipse
812 4088 1048 4151 circumventus
1063 4086 1228 4150 dominum
1254 4089 1336 4149 Can-

384 4187 573 4251 tuariensem
603 4189 744 4251 Turonis
774 4188 813 4251 ad
846 4191 929 4272 regis
959 4189 1152 4273 colloquium
1178 4188 1337 4262 invitavit,

386 4287 525 4352 scribens
539 4290 569 4351 ei
585 4289 681 4351 verba
696 4288 813 4373 quibus
829 4288 888 4352 sibi
905 4290 1038 4372 rigorem
1057 4288 1192 4350 hominis
1207 4286 1338 4369 fregisse

386 4388 567 4453 videbatur.
613 4391 741 4473 Agebat
765 4402 870 4454 autem
895 4412 950 4452 rex
974 4403 1010 4451 ut
1035 4387 1180 4450 simulata
1198 4409 1339 4449 mansue-
