3384 5525
389 807 498 887 titt]
774 822 949 868 aristosa.
1275 807 1338 869 263

382 986 444 1053 ret,
459 972 614 1038 solidaret
634 973 809 1052 caritatem,
824 986 856 1037 et
877 973 1055 1038 obstrueret
1079 995 1134 1037 ora
1152 974 1333 1058 iniquorum

380 1076 437 1162 qui
453 1088 562 1140 sancto
584 1079 652 1141 viro
669 1075 879 1140 detrahebant
897 1077 930 1140 in
949 1076 1023 1155 vita,
1044 1089 1076 1140 et
1094 1075 1168 1139 odio
1191 1098 1332 1162 personae

376 1201 504 1243 causam
527 1178 647 1243 Christi
669 1178 952 1263 persequebantur.
999 1179 1080 1255 Quis
1107 1178 1191 1241 enim
1216 1179 1331 1242 amodo

334 1307 342 1319 ·
376 1303 481 1345 veram
497 1293 529 1343 et
544 1280 669 1344 fidelem
679 1280 807 1344 dubitet
819 1279 995 1344 doctrinam
1009 1280 1140 1356 Christi,
1150 1280 1208 1366 qui
1225 1280 1329 1344 verbis

379 1382 446 1447 suis
468 1383 683 1447 adbaerentem
701 1381 858 1444 hominem
882 1380 973 1446 nobis
987 1395 1099 1444 notum
1123 1393 1212 1445 tanta
1226 1381 1325 1447 salici·

378 1496 444 1548 tate
475 1486 683 1547 remunerat?
711 1482 792 1555 Quis
813 1503 938 1544 causam
968 1480 1064 1545 fuisse
1087 1480 1229 1566 iniquam
1260 1481 1332 1558 (nisi

376 1583 601 1667 daemoniacus)
623 1582 716 1658 dicet,
732 1606 807 1668 quae
829 1595 998 1668 patronum
1021 1604 1112 1647 sunm
1136 1593 1225 1646 tanta
1239 1604 1328 1646 coro·

379 1699 436 1750 nat
450 1684 577 1770 gloria?

422 1785 603 1849 Dubitatur
636 1807 654 1847 a
685 1782 829 1869 plurimis
859 1806 898 1847 an
922 1806 995 1870 pars
1024 1783 1143 1848 domini
1172 1806 1265 1869 papae
1294 1786 1326 1847 in

376 1911 441 1973 qua
461 1900 582 1952 stamus
604 1887 645 1951 de
659 1887 789 1974 justitia
808 1890 982 1953 niteretur:
1006 1888 1061 1951 sed
1081 1910 1149 1952 eam
1165 1911 1184 1951 a
1198 1888 1328 1951 crimine

376 1989 554 2055 schismatis
575 1988 733 2073 gloriosus
764 2002 887 2075 martyr
916 1988 1065 2066 absolvit,
1087 1991 1146 2074 qui
1169 1988 1196 2053 si
1218 1988 1327 2052 fautor

373 2104 455 2157 essct
476 2092 665 2167 schismatis,
687 2113 890 2177 nequaquam
915 2091 1012 2155 tantis
1039 2090 1197 2156 miraculis
1219 2113 1326 2155 corus-

374 2207 470 2258 caret.
515 2194 596 2258 Erat
623 2215 761 2278 namque
787 2192 836 2255 vir
862 2207 957 2259 tantae
983 2192 1175 2279 prudentiae,
1198 2204 1234 2258 ut
1261 2214 1324 2257 non

371 2296 464 2359 facile
494 2308 599 2381 posset
628 2317 733 2358 errore
762 2295 907 2382 quolibet
941 2295 1141 2380 supplantari
1171 2296 1203 2358 in
1235 2307 1325 2361 tanto

370 2394 513 2481 periculo
538 2395 724 2458 animarum.
771 2394 909 2458 Mirarer
934 2395 1044 2479 itaque
1070 2416 1168 2478 supra
1194 2395 1325 2459 modum

372 2520 521 2560 aureum
542 2498 690 2561 dominus
707 2518 792 2581 papa
811 2498 842 2559 in
864 2495 1008 2578 catalogo
1030 2507 1207 2579 martyrum
1228 2496 1327 2580 recipi

373 2619 436 2661 non
467 2598 664 2683 praeceperit,
692 2597 752 2661 nisi
782 2598 860 2682 quia
888 2599 921 2661 in
955 2596 1165 2660 ecclesiastica
1194 2594 1325 2659 historia

372 2697 489 2784 legisse
504 2721 553 2761 me
569 2698 682 2773 recolo,
699 2698 787 2784 quod
802 2720 905 2784 quum
925 2697 1048 2763 Pilatus
1064 2700 1158 2761 missa
1172 2696 1324 2761 relatione

372 2800 544 2865 Tiberium
561 2802 717 2865 Caesarem
738 2799 958 2876 consuluisset,
975 2823 1014 2863 an
1025 2801 1189 2866 Christum
1205 2799 1262 2885 qui
1274 2811 1322 2864 tot

369 2914 401 2966 et
418 2914 508 2967 tanta
523 2902 653 2977 fecerat,
668 2916 699 2967 et
715 2925 734 2965 a
749 2900 895 2988 plurimis
910 2903 1074 2966 colebatur
1089 2914 1126 2966 ut
1144 2901 1247 2979 Deus,
1261 2901 1322 2964 coli

366 3018 529 3091 oporteret
545 3019 581 3068 ut
599 3008 724 3069 Deum:
749 3020 878 3070 senatus
893 3006 934 3069 ab
950 3005 1139 3091 imperatore
1154 3003 1318 3069 consultus

366 3105 532 3193 respondit
547 3105 715 3168 colendum
730 3106 859 3192 quidem
871 3106 969 3170 fuisse
986 3119 1021 3170 ut
1035 3110 1152 3184 Deum,
1167 3105 1227 3168 nisi
1242 3112 1320 3190 quia

367 3208 401 3272 id
425 3207 634 3294 provinciales
655 3207 734 3271 citra
755 3223 882 3272 senatus
904 3209 1125 3273 auctoritatem
1147 3230 1321 3294 praesump-

366 3323 481 3375 serant.
528 3313 573 3374 Et
595 3310 725 3396 quidem
747 3312 791 3374 sic
806 3326 888 3375 nutu
905 3311 1039 3375 faciente
1062 3311 1171 3374 divino
1190 3333 1320 3396 respon·

365 3434 437 3476 sum
459 3425 518 3489 est,
534 3435 573 3475 ne
589 3412 690 3477 deitas
712 3413 845 3492 Christi,
861 3414 954 3498 cujus
974 3435 1089 3478 nomen
1107 3426 1175 3477 erat
1190 3414 1213 3476 J
1216 3410 1316 3478 udaeis

365 3527 397 3578 ct
412 3515 563 3598 gentibus
578 3515 831 3600 praedicandum,
846 3530 978 3580 terrenas
992 3517 1142 3599 potestati
1160 3514 1320 3579 rideretur

363 3616 512 3696 obnoxia,
526 3628 559 3681 et
582 3639 652 3680 eam
674 3617 903 3680 emendicatam
926 3616 1066 3680 dicerent
1089 3615 1243 3694 infideles,
1258 3618 1316 3704 qui

364 3717 463 3782 velint
494 3718 595 3783 nolint
621 3733 782 3804 coguntur
803 3716 935 3781 audire:
974 3717 1125 3802 quoniam
1157 3721 1317 3788 Dominus

362 3820 520 3903 regnavit,
541 3819 718 3884 irascantur
740 3818 862 3904 populi,
884 3831 916 3882 et
938 3819 1061 3883 exultet
1084 3822 1223 3886 terrain
1253 3846 1320 3908 qua

361 3921 481 3986 Christi
497 3921 653 3986 fundatur
667 3921 806 3986 ecclesia.
853 3920 904 3985 Sic
919 3943 996 4006 ergo
1011 3932 1092 3986 nutu
1108 3922 1218 3987 divino
1234 3926 1317 3990 arbi-

363 4035 430 4088 tror
453 4024 595 4088 evenisse
620 4038 654 4087 ut
678 4023 826 4110 martyris
848 4024 946 4109 hujus
967 4023 1080 4109 gloria,
1102 4047 1159 4088 nec
1188 4025 1316 4093 decreto

362 4125 533 4210 pontilicis,
547 4149 604 4190 nec
619 4127 723 4190 edicto
739 4128 889 4214 principis
909 4128 1087 4202 attollatur,
1112 4127 1166 4191 sed
1184 4130 1314 4195 Christo

360 4227 522 4311 praecipue
543 4241 671 4292 auctore
691 4230 875 4306 invalescat,
902 4231 995 4316 cujus
1021 4229 1182 4304 honorem,
1206 4233 1314 4316 quoad

358 4328 452 4404 vixit,
469 4328 593 4394 studuit
617 4329 761 4406 dilatare,
783 4329 932 4393 honorem
958 4329 1076 4396 Christi
1098 4331 1220 4394 salvum
1243 4333 1312 4397 fore

359 4452 482 4516 semper
497 4431 662 4516 expressit.
703 4433 748 4494 Et
766 4431 914 4495 Christus
932 4432 960 4495 ei
978 4431 1077 4495 vicem
1093 4453 1154 4495 non
1171 4433 1310 4500 referet?
