3384 5525
731 753 945 833 1167.]
1495 771 1855 817 EPISTOLAE.
2550 760 2633 816 57

724 1046 1164 1112 EPISTOLA
1204 1047 1498 1113 CCXIII
1504 1064 1700 1109 .—-An
1723 1063 1887 1108 MAG.
1910 1061 2222 1108 smounu
2249 1061 2624 1107 nummum.

1449 1147 1884 1228 [A.n.1167.]

953 1310 1147 1373 Joan.
1182 1306 1434 1372 Saresb.
1466 1309 1791 1388 Maqistro
1823 1308 2080 1371 Simoni
2117 1307 2400 1389 Lupello.

814 1443 1095 1505 SPEclsss
1123 1452 1220 1505 est
1250 1441 1659 1505 couscientiae
1684 1440 2030 1504 diffidentis
2053 1440 2226 1523 apud
2257 1442 2536 1505 amicum
2565 1444 2633 1506 in

729 1543 999 1606 articulo
1028 1543 1429 1606 necessitatis
1456 1542 1885 1605 insinuatione
1920 1543 2254 1606 verborum
2284 1564 2509 1626 preces
2536 1545 2636 1607 in-

731 1646 1007 1720 volvere,
1036 1655 1100 1707 et
1128 1643 1407 1707 officium
1453 1643 1858 1727 deprecantis
1901 1643 2208 1727 expedire
2251 1644 2464 1726 potius
2508 1655 2637 1707 arte

729 1764 920 1828 quam
966 1743 1115 1807 fide.
1199 1745 1310 1823 *De
1356 1754 1467 1807 tua
1509 1765 1661 1826 ergo
1707 1742 2079 1822 dilectione,
2125 1742 2559 1821 dilectissime,
2596 1765 2637 1807 a

729 1845 945 1908 multis
990 1844 1217 1908 diebus
1270 1855 1589 1929 concepta
1631 1845 1876 1909 fiducia
1925 1846 2205 1909 ulteriori
2252 1843 2637 1909 fiducialiter

727 1968 945 2028 agenS,
987 1948 1219 2011 amotis
1264 1948 1545 2010 omnium
1578 1947 2219 2011 circumlocutionum
2266 1946 2637 2025 involucris,

730 2069 956 2130 precor
999 2048 1305 2112 attentius
1349 2049 1649 2132 quatinus
1694 2050 1958 2112 latorem
2003 2049 2413 2130 praesentium
2459 2047 2636 2131 apud

732 2149 1054 2213 dominum
1085 2151 1602 2232 Wigornensem,
1633 2164 1698 2214 et
1742 2152 1856 2215 ubi
1895 2150 2206 2233 expedire
2239 2150 2637 2233 cognoveriS,

733 2251 823 2314 sic
856 2273 1231 2333 promoveas
1262 2263 1333 2316 ut
1360 2274 1461 2316 me
1502 2253 1734 2335 ipsum.
1824 2253 1995 2315 Nam
2027 2251 2203 2335 quod
2230 2253 2293 2314 ei
2323 2252 2448 2314 mei
2479 2272 2636 2315 con·

731 2354 1141 2435 templatione
1169 2354 1532 2417 exhibitum
1561 2373 1822 2430 novem,
1851 2352 2118 2435 perinde
2149 2353 2527 2436 acceptab0‚
2556 2374 2635 2416 ac

733 2451 789 2515 si
818 2452 975 2515 mihi
1004 2452 1417 2535 personaliter
1446 2462 1616 2515 esset
1644 2453 2024 2517 exhibitum.
2116 2453 2278 2525 Quis
2309 2462 2521 2516 autem
2553 2453 2638 2515 sit

733 2562 1180 2628 statusmeus,
1210 2565 1273 2616 et
1316 2553 1584 2616 aliorum
1617 2553 1727 2636 qui
1771 2553 1840 2615 in
1885 2574 2091 2635 agone
2134 2553 2454 2617 Ecclesiae
2483 2574 2637 2617 con-

732 2652 936 2714 stituti
967 2661 1137 2728 sunt,
1165 2651 1220 2713 si
1247 2663 1463 2713 tamen
1501 2651 1570 2714 id
1606 2651 1824 2715 audire
1867 2654 2203 2735 placuerit,
2232 2653 2637 2735 aliquatenus

735 2773 815 2816 eo
862 2753 1169 2816 referente
1228 2773 1603 2833 cognosces.
1705 2753 1904 2837 Spero
1959 2765 2168 2819 autem
2227 2752 2403 2838 quod
2455 2764 2519 2816 et
2566 2767 2639 2817 tu

734 2848 950 2914 videre
991 2851 1314 2915 desideres
1347 2851 1521 2914 diem
1559 2852 1846 2927 Domini,
1876 2861 1951 2915 ut
1982 2854 2280 2917 Ecclesia
2308 2855 2638 2916 convales-

735 2963 859 3016 cat.
949 2954 1094 3015 Lex
1131 2953 1262 3015 Dei
1300 2953 1367 3015 in
1410 2963 1767 3036 conspectu
1807 2954 2089 3034 gentium
2123 2964 2189 3017 et
2218 2953 2642 3016 invidentium

733 3054 1080 3129 roboretur,
1108 3061 1174 3114 et
1203 3052 1294 3114 sic
1326 3051 1662 3135 splendeat
1688 3053 1758 3115 in
1790 3053 2112 3134 capitibus
2140 3074 2361 3134 regum
2390 3052 2640 3135 insigne

734 3152 891 3216 fidei
921 3165 986 3216 et
1013 3153 1294 3235 publicae
1333 3153 1692 3236 potestatis,
1721 3163 1794 3216 ut
1832 3152 1914 3216 de
1958 3163 2189 3217 caetero
2230 3175 2364 3217 non
2406 3154 2641 3218 dentur

734 3275 973 3318 cornua
1016 3255 1356 3337 peccatori.
1446 3253 1538 3317 Et
1589 3256 1715 3318 hoc
1762 3255 2025 3339 quidem
2067 3256 2258 3319 facile
2302 3257 2640 3334 obtineret,

696 3356 856 3418 »nisi
901 3356 1056 3439 quia
1084 3356 1138 3418 si
1170 3377 1315 3419 vera
1357 3367 1503 3419 sunt
1547 3379 1691 3438 quae
1723 3357 1912 3437 vulgo
1954 3357 2275 3436 dicuntur,
2314 3358 2639 3422 Tenentes

731 3458 964 3538 legem,
985 3456 1294 3540 justitiam
1325 3457 1729 3522 nescierunt:
1776 3469 1841 3521 et
1869 3479 1910 3522 a
1937 3458 2375 3522 sacerdotibus
2405 3470 2470 3523 et
2496 3481 2643 3543 pro-

736 3555 952 3639 phetis
984 3557 1185 3619 Israel
1208 3578 1463 3638 egressa
1480 3568 1578 3621 est
1600 3559 1875 3640 pollutio
1895 3580 2085 3643 super
2111 3580 2366 3622 omnem
2390 3571 2642 3623 terram.

663 3726 668 3730 ,
733 3655 957 3719 Aderit
986 3667 1199 3720 tamen
1230 3670 1486 3721 auctore
1529 3658 1831 3736 Domin0,
1862 3655 1930 3720 in
1959 3660 2138 3722 brevi
2165 3658 2454 3722 fidelium
2485 3681 2640 3724 con·

736 3761 992 3837 solator,
1021 3769 1086 3822 et
1112 3768 1375 3843 propter
1404 3761 1643 3824 electos
1675 3761 1880 3824 ventis
1907 3761 2246 3844 imperabit
2274 3771 2338 3825 et
2366 3761 2546 3839 mari,
2574 3772 2648 3827 ut

738 3872 1186 3924 momentanea
1229 3861 1483 3925 tristitia
1528 3862 1807 3944 lugentis
1855 3863 2178 3927 Ecclesiae
2221 3863 2290 3926 in
2334 3862 2644 3946 gaudium

737 3970 1118 4043 perpetuum
1176 3970 1598 4024 convertatur.
1691 3961 1763 4026 Si
1820 3962 2041 4027 liceret
2097 3963 2524 4046 obligationes
2582 3972 2648 4026 et

740 4060 1095 4138 cautiones,
1113 4061 1381 4144 quibus‘
1364 4073 1771 4146 impetratum
1791 4073 1887 4125 est
1911 4061 2127 4149 qued*
2111 4085 2175 4129 ιιι,
2200 4061 2648 4182 praejudieium

740 4161 1225 4225 cantuariensis
1266 4162 1739 4249 archiepiscopi
1767 4185 1807 4225 a
1835 4165 1987 4229 sede
2016 4185 2091 4229 a
2115 4182 2179 4225 ι--ς
2197 4228 2200 4229 ⁷
2220 4193 2247 4216 -.
2316 4198 2324 4209 ·-
2359 4183 2364 4185 ·
2617 4183 2620 4185 ’

739 4265 911 4346 regis
932 4264 1265 4347 jactitatur
1291 4285 1432 4328 esse
1478 4285 1879 4345 comessum,
1907 4269 2093 4329 liben'
2251 4272 2274 4305 Γ

736 4364 853 4427 sed
883 4367 1019 4429 sine
1052 4366 1445 4448 singulorum
1489 4365 1907 4449 expressione
2079 4393 2095 4428 ⁵.
