3384 5525
371 785 484 865 lica]
761 796 939 848 arrsronn.
1262 794 1325 851 ‘209

366 968 485 1019 caetero
496 953 669 1040 periclitari
682 977 743 1017 non
760 955 871 1039 possit,
880 977 917 1018 eo
928 955 1015 1039 quod
1032 954 1206 1019 schismatis
1219 958 1325 1041 capita

365 1055 567 1133 defecerunt,
591 1071 624 1121 et
653 1056 835 1142 Anglicanae
860 1055 998 1120 ecclesiae
1028 1056 1160 1119 malleus
1183 1080 1324 1141 compre-

365 1158 487 1223 hensus
500 1159 533 1222 in
549 1159 701 1244 operibus
724 1158 790 1222 suis
804 1158 845 1221 de
860 1171 976 1221 caetero
994 1159 1046 1220 cui
1069 1158 1223 1222 innitatur
1237 1162 1323 1221 inve-

364 1259 433 1324 nire
448 1283 512 1323 non
530 1260 623 1324 valet.
669 1263 807 1324 Ventum
828 1271 896 1322 erat
917 1261 957 1323 ad
981 1283 1153 1336 summum,
1174 1262 1231 1324 ubi
1251 1284 1324 1324 con-

365 1373 429 1426 stat
441 1361 648 1426 habitudines
659 1360 852 1446 periculosas
864 1383 943 1436 esse,
957 1384 1055 1445 quum
1068 1361 1121 1424 ille
1136 1361 1192 1446 qui
1209 1362 1322 1426 sollici-

367 1463 467 1528 tando
491 1477 556 1528 tam
587 1462 709 1527 curiam
739 1484 836 1546 quam
864 1461 1088 1538 schismaticos,
1118 1463 1320 1526 Fredericum

364 1563 514 1628 videlicet
541 1577 573 1628 et
600 1561 769 1647 complices
795 1583 878 1635 suos,
903 1561 1013 1624 videns
1042 1586 1075 1627 sc
1099 1563 1157 1626 hac
1182 1564 1233 1625 via
1259 1585 1320 1625 non

363 1688 456 1752 posse
471 1666 625 1752 proficere
640 1662 726 1750 apud
744 1663 933 1738 Dominum,
943 1678 974 1726 et
991 1663 1142 1728 adversus
1158 1664 1319 1729 Christum

363 1769 446 1854 ejus,
470 1769 653 1831 transmissa
675 1764 833 1848 legatione
857 1764 1031 1847 transfugit
1053 1765 1094 1828 ad
1120 1765 1223 1830 ltaliae
1244 1763 1321 1827 ciri-

362 1865 1322 1956 tates,promittensMediolanensibustriamilliamarcarum‚

363 1983 393 2036 et
420 1993 588 2035 murorum
612 1991 742 2034 suorum
767 1968 990 2032 validissimam
1018 1969 1259 2054 reparationem,
1283 1982 1320 2031 ut

364 2066 437 2137 cum
456 2072 527 2137 aliis
542 2071 727 2136 civitatibus
743 2093 824 2155 quas
841 2093 1044 2155 corrumpere
1059 2071 1249 2135 moliebatur
1263 2071 1321 2133 im-

364 2188 527 2260 petrarent
551 2197 569 2237 a
591 2173 720 2236 domino
743 2195 827 2257 papa
849 2186 879 2236 et
903 2172 1032 2236 ecclesia
1053 2177 1198 2237 Romana
1219 2172 1322 2258 dejeca

365 2278 483 2340 tionem
501 2275 551 2339 vel
567 2274 804 2339 translationem
829 2275 1066 2338 Cantuariensis
1081 2274 1318 2359 archiepiscopi.

366 2378 449 2442 Nam
475 2379 518 2440 ob
541 2377 673 2440 eandem
696 2400 822 2440 causam
847 2378 1115 2441 Cremonensibus
1133 2379 1199 2441 duo
1221 2377 1320 2439 millia

365 2501 544 2543 marcarum
560 2482 759 2564 promiserat,
776 2478 1003 2541 Parmensibus
1025 2477 1122 2551 mille,
1138 2489 1170 2540 et
1186 2478 1317 2541 totidem

364 2580 631 2646 Bononiensibus.
688 2580 827 2644 Domino
858 2603 932 2643 vero
961 2603 1053 2666 pnpae
1083 2579 1202 2644 obtulit
1231 2581 1317 2665 quod

364 2706 437 2748 eum
455 2683 531 2746 data
546 2683 682 2767 pecunia
701 2683 849 2746 liberaret
873 2685 913 2746 ab
936 2683 1156 2747 exactionibus
1178 2683 1318 2747 omnium

364 2791 595 2863 Romanorum,
619 2799 651 2850 et
682 2784 789 2848 decem
821 2785 919 2848 millia
950 2808 1124 2849 marcarum
1151 2786 1315 2871 adjiceret:

363 2886 540 2953 concedens
555 2885 648 2950 etiam
663 2897 775 2949 uttam
792 2883 823 2947 in
840 2885 969 2948 ecclesia
985 2884 1205 2949 Cantuariensi
1220 2908 1318 2970 qnam

363 2990 396 3052 in
420 2987 491 3052 aliis
512 2989 700 3051 vacantibus
726 2986 757 3049 in
783 2987 901 3071 Anglia
924 3001 1065 3073 pastores
1091 2987 1250 3050 ordinaret
1277 2987 1317 3050 ad

365 3092 506 3155 libitum.
551 3089 613 3156 Sed
629 3089 706 3174 quia
720 3089 814 3153 fidem
833 3090 933 3154 multa
947 3093 1101 3175 promissa
1115 3089 1273 3164 levabant,
1286 3106 1318 3153 et

363 3193 395 3257 in
411 3191 561 3278 precibus
572 3191 739 3255 manifesta
749 3192 972 3256 continebatur
983 3192 1146 3277 iniquitas,
1159 3192 1317 3277 repulsam

364 3316 477 3379 passus
492 3307 551 3369 est,
564 3305 596 3356 et
610 3292 697 3377 quod
714 3315 770 3378 per
783 3317 815 3357 se
827 3294 998 3379 impetrare
1014 3317 1074 3358 non
1085 3309 1222 3381 poterat,
1235 3296 1318 3379 regis

365 3394 466 3460 Siculi
481 3393 603 3460 viribus
625 3408 758 3459 conatus
780 3409 827 3460 est
850 3409 1049 3483 extorquere.
1096 3397 1157 3461 Sed
1179 3420 1236 3461 nec
1252 3397 1316 3472 ille,

364 3495 437 3560 licet
468 3509 537 3560 toto
565 3498 638 3561 nisu
668 3497 708 3560 ad
740 3498 799 3560 hoc
831 3501 1049 3582 Syracusanus
1078 3499 1254 3585 episcopus,
1285 3514 1316 3563 et

365 3599 480 3663 Comes
503 3598 665 3662 Robertus
688 3600 728 3662 de
752 3601 953 3665 Bassenvilla
978 3601 1197 3686 multiplicatis
1222 3603 1318 3666 inter-

364 3699 539 3764 cessoribus
561 3699 784 3777 laboraverint,
805 3703 977 3767 exauditus
999 3717 1046 3766 est
1067 3725 1125 3788 pro
1149 3727 1207 3766 sua
1233 3727 1318 3767 rere-

363 3803 465 3866 rentia
491 3815 523 3866 et
550 3804 692 3888 potentia
719 3805 766 3868 vel
796 3806 911 3888 gratia,
938 3807 1086 3891 quamvis
1114 3830 1182 3870 eam
1210 3807 1242 3869 in
1267 3831 1317 3870 eo-

363 3905 457 3968 clesia
473 3908 618 3969 Romana
639 3906 807 3991 plurimam
832 3908 957 3972 habeat.
1002 3908 1134 3972 Dimissi
1154 3923 1227 3973 sunt
1242 3931 1318 3993 ergo

363 4006 470 4071 nuncii
494 4007 578 4092 regis
603 4011 738 4092 impotes
762 4009 838 4088 voti,
862 4011 923 4076 hoc
951 4010 1052 4075 solum
1075 4012 1257 4097 impetrato,
1281 4023 1317 4073 ut

365 4106 513 4172 dominus
534 4131 619 4195 papa
640 4110 780 4175 mitteret
802 4112 934 4176 nuncios
956 4114 1013 4198 qui
1038 4136 1145 4199 pacem
1166 4134 1318 4198 procura-

365 4224 445 4287 rent,
457 4211 649 4279 Gratianum
660 4237 672 4276 ι.
692 4212 809 4277 scilicet
822 4215 1064 4293 subdiaconum,
1077 4229 1108 4280 et
1122 4213 1316 4298 Magistrum

367 4312 536 4379 Vivianum
563 4315 789 4381 urbisveteris
814 4319 1083 4396 archidiaconum,
1108 4320 1163 4404 qui
1188 4335 1317 4379 munere

362 4415 580 4483 advocationis
604 4419 695 4504 fungi
724 4421 803 4485 solet
826 4423 860 4485 in
884 4422 980 4487 curia.
1027 4425 1093 4488 Eos
1116 4436 1218 4486 tamen
1247 4427 1318 4477 ante

407 4539 480 4584 von.
499 4540 535 4584 11.
834 4545 854 4587 P
