3384 5525
366 789 408 846 92
638 799 774 844 ioannis
789 798 1064 845 ssnnsnnarnnsrs
1227 783 1273 857 [s.
1292 799 1323 844 n.

366 953 487 1017 niensis
502 971 598 1035 quem
612 952 875 1035 archiepiscopus
886 952 1201 1016 excommunicatum
1212 953 1320 1028 habet,

368 1069 400 1120 et
421 1054 639 1118 cardinalibus
661 1052 914 1132 denuntiaverat,
936 1054 1096 1136 legatione
1122 1052 1321 1135 fungebatur,

372 1168 404 1220 et
416 1156 491 1241 quia
503 1154 815 1218 communicaverant
830 1155 1120 1219 excommunicatis
1130 1154 1212 1239 ejus,
1223 1157 1284 1219 etsi
1292 1156 1324 1218 in

368 1258 514 1322 fraudem
528 1256 697 1340 apostolici
712 1256 854 1319 mandati
869 1255 1051 1321 viderentur
1064 1256 1171 1319 minus
1186 1256 1322 1340 pruden-

369 1362 458 1425 tibus
478 1359 626 1424 absoluti.
665 1358 741 1421 Hoc
763 1357 849 1420 enim
867 1356 997 1421 tandem
1019 1365 1052 1420 et
1073 1368 1194 1423 tantum
1216 1356 1322 1421 indul·

370 1473 454 1527 serat
475 1460 624 1525 dominus
642 1481 739 1544 papa,
759 1471 795 1522 ut
815 1459 843 1523 si
863 1469 970 1523 essent
988 1460 1023 1522 in
1046 1458 1189 1544 periculo
1212 1458 1322 1523 mortis

367 1565 615 1640 absolverentur,
630 1560 782 1645 praestitio
797 1572 871 1624 ante
886 1560 1080 1645 juramento,
1096 1560 1185 1645 quod
1199 1571 1319 1625 starent

370 1665 491 1730 domini
506 1687 599 1749 papae
622 1664 774 1727 mandato
790 1664 817 1726 si
838 1664 1106 1728 convalescerent
1143 1662 1197 1726 Illi
1216 1674 1321 1726 autern

369 1768 555 1832 simulantes
583 1788 617 1829 se
642 1766 676 1828 in
705 1766 814 1828 mortis
839 1765 982 1849 periculo
1011 1764 1215 1839 constitutos,
1246 1764 1323 1847 quia

369 1869 535 1953 oportebat
549 1888 606 1930 eos
617 1887 656 1928 ex
673 1864 825 1929 mandato
840 1864 963 1929 domini
978 1865 1063 1948 regis
1077 1886 1163 1929 nunc
1176 1866 1321 1930 transire-

368 1984 444 2047 tare,
459 1990 544 2032 nunc
559 1968 594 2030 in
615 1967 765 2030 Walliam
780 1967 955 2050 proficisci,
971 1990 990 2031 a
1005 1967 1144 2052 quodam
1165 1966 1319 2051 episcopo

373 2071 528 2135 Wallensi
560 2069 725 2151 utriusque
752 2068 836 2152 juris
866 2091 994 2154 prorsus
1023 2081 1079 2134 aut
1107 2070 1171 2133 fere
1200 2071 1321 2152 ignaro,

370 2171 563 2237 Lanalvensi
578 2171 710 2249 scilicet,
727 2170 783 2253 qui
797 2172 1023 2235 monasterium
1039 2172 1319 2245 abendonensem,

367 2288 479 2361 utpote
513 2274 734 2359 quaestuosius,
762 2295 822 2357 pro
857 2275 1045 2359 episcopatu
1080 2285 1245 2359 receperat
1279 2273 1319 2336 de

369 2399 467 2441 manu
481 2375 573 2457 regis,
587 2373 822 2437 absolutionem
851 2374 1107 2459 impetraverunt.
1151 2376 1207 2448 Et,
1222 2395 1264 2438 ne
1279 2373 1319 2436 de

369 2478 521 2541 mandato
536 2474 658 2537 domini
673 2494 766 2556 papae
781 2475 883 2558 possit
896 2473 1028 2556 ambigi,
1038 2476 1157 2540 litteras
1171 2474 1321 2559 apostoli·

368 2601 423 2643 cas
436 2576 524 2640 misit
537 2575 800 2658 archiepiscopus
813 2576 938 2659 legatis,
951 2577 1069 2659 quibus
1081 2576 1225 2641 districte
1240 2598 1320 2661 pra·

368 2677 531 2765 cipiantur
549 2675 622 2738 illos
643 2676 689 2739 sic
712 2677 878 2742 absolutos
900 2699 1053 2761 reponere
1075 2678 1109 2740 in
1131 2677 1319 2751 anteriorem

366 2777 705 2846 excommunicationis
725 2778 925 2854 sententiam,
946 2779 1008 2842 nisi
1030 2780 1253 2863 possessiones
1274 2800 1320 2844 ar·

366 2877 568 2964 chiapiscopi
582 2885 614 2940 et
628 2897 757 2940 suornm
769 2888 801 2941 et
815 2880 922 2942 omnia
937 2880 1041 2942 ablata
1056 2900 1130 2942 cum
1141 2879 1319 2962 integritate

364 2983 538 3058 restituant,
553 2979 672 3042 nullius
686 2979 912 3062 appellationis
926 2978 1092 3044 obstaculo
1107 2980 1317 3063 apostolicum

364 3085 426 3148 hoc
435 3081 630 3165 impediente
642 3080 837 3144 mandatum.
861 3082 1064 3165 Receperant
1078 3092 1110 3145 et
1120 3082 1200 3146 alias
1210 3081 1316 3145 literas

365 3197 448 3261 ante,
464 3184 582 3266 quibus
599 3183 683 3266 jussi
698 3194 773 3246 sunt
787 3205 917 3266 operam
932 3182 1007 3247 dare
1023 3194 1058 3247 ut
1071 3206 1138 3268 pax
1161 3184 1208 3248 sie
1224 3185 1317 3249 refor-

364 3295 466 3348 metur
480 3284 679 3363 interreges,
694 3304 734 3346 ne
755 3284 795 3346 de
811 3283 858 3346 eis
879 3285 1029 3348 alteruter
1049 3284 1139 3366 queri
1161 3285 1274 3369 possit,
1288 3296 1320 3350 et

365 3382 574 3470 probibentur
596 3384 743 3464 Angliam
765 3383 901 3465 ingredi,
922 3387 971 3448 vel
995 3407 1029 3448 se
1051 3386 1259 3450 intromittere
1280 3385 1319 3449 de

364 3485 502 3567 negotiis
516 3482 617 3564 regni,
631 3483 694 3545 nisi
709 3484 794 3566 prius
815 3506 882 3569 pax
905 3484 1092 3568 planissima
1106 3486 1199 3550 Cant.
1216 3486 1317 3550 archi·

365 3588 520 3671 episcopo
535 3585 630 3649 suerit
644 3585 821 3649 reformata.

408 3690 513 3761 Quum
529 3709 603 3750 vero
617 3686 715 3772 episc.
728 3709 786 3750 sno
801 3698 833 3751 et
845 3687 935 3770 regni
946 3689 1077 3752 nomine
1089 3691 1314 3772 appellassent,

365 3789 497 3876 quidam
512 3788 647 3851 clericus
667 3788 822 3851 Gansredi
843 3788 1084 3853 Cantuariensis
1101 3791 1318 3855 archidiaconi

364 3893 433 3955 vice
464 3888 585 3951 domini
611 3889 659 3951 sui
689 3889 880 3971 appellavit:
915 3901 947 3952 et
976 3910 1059 3954 unus
1088 3892 1316 3955 monachorum

364 3989 639 4057 Cantuariensium
655 4010 721 4051 non
742 3988 861 4053 adhoc
877 4001 983 4056 tamen
1004 3993 1121 4057 missus
1136 4015 1156 4057 a
1169 3993 1318 4057 fratribus

364 4094 441 4169 suis,
456 4090 514 4155 sed
529 4101 564 4153 ut
584 4091 667 4171 regis
682 4091 851 4155 clementia
871 4093 1065 4177 imploraret,
1079 4117 1120 4158 ne
1142 4098 1318 4161 scelerosus

362 4197 417 4258 ille
433 4191 645 4273 Randulphus
666 4190 707 4254 de
723 4193 806 4256 Broc
824 4193 858 4255 in
875 4216 923 4257 res
939 4197 1178 4276 monachorum,
1193 4207 1317 4260 mortuo

362 4298 478 4382 priore,
506 4312 633 4354 manum
669 4307 777 4374 posset
811 4295 995 4360 extendere.
1046 4298 1317 4382 Arcbiepiseopus

363 4408 467 4462 autem
478 4393 639 4475 rescripsit
651 4391 865 4458 cardinalibus
877 4417 910 4459 se
923 4397 1003 4461 scire
1018 4409 1050 4461 et
1064 4399 1137 4462 illos
1146 4419 1211 4462 non
1227 4396 1315 4481 igno-
