<?xml version="1.0" encoding="UTF-8"?>
<!DOCTYPE html PUBLIC "-//W3C//DTD XHTML 1.0 Transitional//EN"
    "http://www.w3.org/TR/xhtml1/DTD/xhtml1-transitional.dtd">
<html xmlns="http://www.w3.org/1999/xhtml" xml:lang="en" lang="en">
 <head>
  <title>
</title>
<meta http-equiv="Content-Type" content="text/html;charset=utf-8" />
  <meta name='ocr-system' content='tesseract 3.04.00' />
  <meta name='ocr-capabilities' content='ocr_page ocr_carea ocr_par ocr_line ocrx_word'/>
</head>
<body>
  <div class='ocr_page' id='page_1' title='image "./joannissaresber05johngoog_0086.png"; bbox 0 0 3384 5525; ppageno 0'>
   <div class='ocr_carea' id='block_1_1' title="bbox 362 748 1320 823">
    <p class='ocr_par' dir='ltr' id='par_1_1' title="bbox 362 748 1320 823">
     <span class='ocr_line' id='line_1_1' title="bbox 362 748 1320 823; baseline -0.004 -8"><span class='ocrx_word' id='word_1_1' title='bbox 362 756 407 815; x_wconf 83' lang='grc'>68</span> <span class='ocrx_word' id='word_1_2' title='bbox 623 767 758 811; x_wconf 73' lang='lat' dir='ltr'>torulus</span> <span class='ocrx_word' id='word_1_3' title='bbox 773 764 1048 809; x_wconf 78' lang='lat' dir='ltr'>saansaanrnusts</span> <span class='ocrx_word' id='word_1_4' title='bbox 1227 748 1273 823; x_wconf 87' lang='lat' dir='ltr'>[a.</span> <span class='ocrx_word' id='word_1_5' title='bbox 1290 764 1320 811; x_wconf 89' lang='lat' dir='ltr'>n.</span> 
     </span>
    </p>
   </div>
   <div class='ocr_carea' id='block_1_2' title="bbox 365 915 1322 2732">
    <p class='ocr_par' dir='ltr' id='par_1_2' title="bbox 365 915 1322 2732">
     <span class='ocr_line' id='line_1_2' title="bbox 367 915 1321 1003; baseline -0.001 -19"><span class='ocrx_word' id='word_1_6' title='bbox 367 923 454 985; x_wconf 89' lang='lat' dir='ltr'>Broc</span> <span class='ocrx_word' id='word_1_7' title='bbox 483 919 653 985; x_wconf 88' lang='lat' dir='ltr'>anathema</span> <span class='ocrx_word' id='word_1_8' title='bbox 682 919 855 996; x_wconf 73' lang='lat' dir='ltr'>contraxit,</span> <span class='ocrx_word' id='word_1_9' title='bbox 879 927 912 982; x_wconf 90' lang='lat' dir='ltr'>et</span> <span class='ocrx_word' id='word_1_10' title='bbox 940 919 1012 1000; x_wconf 80' lang='lat' dir='ltr'>lege</span> <span class='ocrx_word' id='word_1_11' title='bbox 1042 915 1106 981; x_wconf 90' lang='lat' dir='ltr'>Dei</span> <span class='ocrx_word' id='word_1_12' title='bbox 1136 929 1321 1003; x_wconf 86' lang='lat' dir='ltr'>contempta</span> 
     </span>
     <span class='ocr_line' id='line_1_3' title="bbox 366 1021 1319 1105; baseline -0.002 -18"><span class='ocrx_word' id='word_1_13' title='bbox 366 1025 534 1087; x_wconf 91' lang='lat' dir='ltr'>Melchom</span> <span class='ocrx_word' id='word_1_14' title='bbox 555 1023 692 1088; x_wconf 89' lang='lat' dir='ltr'>adorans</span> <span class='ocrx_word' id='word_1_15' title='bbox 713 1023 835 1086; x_wconf 78' lang='lat' dir='ltr'>litteras</span> <span class='ocrx_word' id='word_1_16' title='bbox 863 1021 985 1085; x_wconf 92' lang='lat' dir='ltr'>domini</span> <span class='ocrx_word' id='word_1_17' title='bbox 1011 1041 1104 1105; x_wconf 84' lang='lat' dir='ltr'>papae</span> <span class='ocrx_word' id='word_1_18' title='bbox 1130 1042 1190 1104; x_wconf 89' lang='lat' dir='ltr'>pro</span> <span class='ocrx_word' id='word_1_19' title='bbox 1217 1022 1319 1085; x_wconf 90' lang='lat' dir='ltr'>archi·</span> 
     </span>
     <span class='ocr_line' id='line_1_4' title="bbox 365 1122 1319 1210; baseline -0.002 -21"><span class='ocrx_word' id='word_1_20' title='bbox 365 1126 522 1210; x_wconf 87' lang='lat' dir='ltr'>episcopo</span> <span class='ocrx_word' id='word_1_21' title='bbox 537 1126 597 1189; x_wconf 90' lang='lat' dir='ltr'>sibi</span> <span class='ocrx_word' id='word_1_22' title='bbox 613 1126 736 1200; x_wconf 88' lang='lat' dir='ltr'>missas,</span> <span class='ocrx_word' id='word_1_23' title='bbox 747 1125 813 1205; x_wconf 82' lang='lat' dir='ltr'>regi</span> <span class='ocrx_word' id='word_1_24' title='bbox 825 1124 867 1186; x_wconf 88' lang='lat' dir='ltr'>ad</span> <span class='ocrx_word' id='word_1_25' title='bbox 880 1124 1110 1204; x_wconf 81' lang='lat' dir='ltr'>subterfugium</span> <span class='ocrx_word' id='word_1_26' title='bbox 1126 1122 1319 1187; x_wconf 74' lang='lat' dir='ltr'>obedientia</span> 
     </span>
     <span class='ocr_line' id='line_1_5' title="bbox 365 1224 1319 1313; baseline -0.003 -21"><span class='ocrx_word' id='word_1_27' title='bbox 365 1239 399 1292; x_wconf 86' lang='lat' dir='ltr'>et</span> <span class='ocrx_word' id='word_1_28' title='bbox 409 1249 506 1313; x_wconf 87' lang='lat' dir='ltr'>opera</span> <span class='ocrx_word' id='word_1_29' title='bbox 518 1228 633 1291; x_wconf 87' lang='lat' dir='ltr'>debitae</span> <span class='ocrx_word' id='word_1_30' title='bbox 645 1225 872 1290; x_wconf 75' lang='lat' dir='ltr'>misericordia&gt;</span> <span class='ocrx_word' id='word_1_31' title='bbox 884 1224 1090 1289; x_wconf 86' lang='lat' dir='ltr'>excludenda</span> <span class='ocrx_word' id='word_1_32' title='bbox 1100 1225 1319 1289; x_wconf 79' lang='lat' dir='ltr'>transmiserit</span> 
     </span>
     <span class='ocr_line' id='line_1_6' title="bbox 367 1327 1319 1412; baseline -0.004 -19"><span class='ocrx_word' id='word_1_33' title='bbox 367 1328 465 1393; x_wconf 83' lang='lat' dir='ltr'><strong>Unde</strong></span> <span class='ocrx_word' id='word_1_34' title='bbox 490 1349 602 1412; x_wconf 86' lang='lat' dir='ltr'>precor</span> <span class='ocrx_word' id='word_1_35' title='bbox 626 1327 789 1403; x_wconf 88' lang='lat' dir='ltr'>attentius,</span> <span class='ocrx_word' id='word_1_36' title='bbox 815 1327 961 1403; x_wconf 89' lang='lat' dir='ltr'>consulo,</span> <span class='ocrx_word' id='word_1_37' title='bbox 987 1334 1020 1388; x_wconf 88' lang='lat' dir='ltr'>et</span> <span class='ocrx_word' id='word_1_38' title='bbox 1045 1336 1165 1409; x_wconf 89' lang='lat' dir='ltr'>quanta</span> <span class='ocrx_word' id='word_1_39' title='bbox 1190 1348 1319 1409; x_wconf 88' lang='lat' dir='ltr'>possum</span> 
     </span>
     <span class='ocr_line' id='line_1_7' title="bbox 366 1424 1321 1510; baseline -0.002 -19"><span class='ocrx_word' id='word_1_40' title='bbox 366 1428 519 1492; x_wconf 86' lang='lat' dir='ltr'>instantia</span> <span class='ocrx_word' id='word_1_41' title='bbox 540 1449 667 1502; x_wconf 89' lang='lat' dir='ltr'>moneo,</span> <span class='ocrx_word' id='word_1_42' title='bbox 689 1438 734 1507; x_wconf 90' lang='lat' dir='ltr'>ut,</span> <span class='ocrx_word' id='word_1_43' title='bbox 758 1427 785 1489; x_wconf 91' lang='lat' dir='ltr'>si</span> <span class='ocrx_word' id='word_1_44' title='bbox 806 1424 889 1490; x_wconf 84' lang='lat' dir='ltr'>falsa</span> <span class='ocrx_word' id='word_1_45' title='bbox 910 1437 985 1490; x_wconf 86' lang='lat' dir='ltr'>sunt</span> <span class='ocrx_word' id='word_1_46' title='bbox 1011 1449 1083 1510; x_wconf 89' lang='lat' dir='ltr'>quae</span> <span class='ocrx_word' id='word_1_47' title='bbox 1106 1426 1268 1506; x_wconf 90' lang='lat' dir='ltr'>dicuntur,</span> <span class='ocrx_word' id='word_1_48' title='bbox 1289 1437 1321 1491; x_wconf 86' lang='lat' dir='ltr'>et</span> 
     </span>
     <span class='ocr_line' id='line_1_8' title="bbox 367 1527 1318 1614; baseline -0.001 -21"><span class='ocrx_word' id='word_1_49' title='bbox 367 1529 473 1593; x_wconf 90' lang='lat' dir='ltr'>adbuc</span> <span class='ocrx_word' id='word_1_50' title='bbox 488 1531 529 1593; x_wconf 90' lang='lat' dir='ltr'>ab</span> <span class='ocrx_word' id='word_1_51' title='bbox 544 1531 745 1594; x_wconf 89' lang='lat' dir='ltr'>anathemate</span> <span class='ocrx_word' id='word_1_52' title='bbox 760 1528 913 1591; x_wconf 91' lang='lat' dir='ltr'>immunis</span> <span class='ocrx_word' id='word_1_53' title='bbox 933 1538 991 1607; x_wconf 89' lang='lat' dir='ltr'>est,</span> <span class='ocrx_word' id='word_1_54' title='bbox 1006 1527 1080 1605; x_wconf 88' lang='lat' dir='ltr'>sibi,</span> <span class='ocrx_word' id='word_1_55' title='bbox 1093 1551 1135 1592; x_wconf 90' lang='lat' dir='ltr'>ne</span> <span class='ocrx_word' id='word_1_56' title='bbox 1157 1531 1220 1593; x_wconf 86' lang='lat' dir='ltr'>tale</span> <span class='ocrx_word' id='word_1_57' title='bbox 1243 1527 1318 1614; x_wconf 93' lang='lat' dir='ltr'>quid</span> 
     </span>
     <span class='ocr_line' id='line_1_9' title="bbox 367 1628 1318 1714; baseline 0.001 -20"><span class='ocrx_word' id='word_1_58' title='bbox 367 1631 408 1694; x_wconf 90' lang='lat' dir='ltr'>de</span> <span class='ocrx_word' id='word_1_59' title='bbox 423 1652 462 1694; x_wconf 91' lang='lat' dir='ltr'>ea</span> <span class='ocrx_word' id='word_1_60' title='bbox 477 1632 683 1714; x_wconf 86' lang='lat' dir='ltr'>probabiliter</span> <span class='ocrx_word' id='word_1_61' title='bbox 698 1631 775 1712; x_wconf 83' lang='lat' dir='ltr'>fingi</span> <span class='ocrx_word' id='word_1_62' title='bbox 794 1631 908 1714; x_wconf 80' lang='lat' dir='ltr'>possit,</span> <span class='ocrx_word' id='word_1_63' title='bbox 923 1628 963 1693; x_wconf 90' lang='lat' dir='ltr'>de</span> <span class='ocrx_word' id='word_1_64' title='bbox 978 1641 1094 1695; x_wconf 83' lang='lat' dir='ltr'>caetero</span> <span class='ocrx_word' id='word_1_65' title='bbox 1108 1640 1230 1695; x_wconf 85' lang='lat' dir='ltr'>caveat.</span> <span class='ocrx_word' id='word_1_66' title='bbox 1274 1633 1318 1695; x_wconf 88' lang='lat' dir='ltr'>Et</span> 
     </span>
     <span class='ocr_line' id='line_1_10' title="bbox 365 1732 1317 1816; baseline -0.001 -18"><span class='ocrx_word' id='word_1_67' title='bbox 365 1735 393 1798; x_wconf 82' lang='lat' dir='ltr'>ai</span> <span class='ocrx_word' id='word_1_68' title='bbox 414 1734 447 1796; x_wconf 91' lang='lat' dir='ltr'>in</span> <span class='ocrx_word' id='word_1_69' title='bbox 470 1733 640 1797; x_wconf 86' lang='lat' dir='ltr'>anathema</span> <span class='ocrx_word' id='word_1_70' title='bbox 661 1732 786 1810; x_wconf 87' lang='lat' dir='ltr'>incidit,</span> <span class='ocrx_word' id='word_1_71' title='bbox 808 1732 918 1796; x_wconf 89' lang='lat' dir='ltr'>redeat</span> <span class='ocrx_word' id='word_1_72' title='bbox 940 1753 997 1814; x_wconf 89' lang='lat' dir='ltr'>per</span> <span class='ocrx_word' id='word_1_73' title='bbox 1019 1733 1254 1816; x_wconf 86' lang='lat' dir='ltr'>poenitentiam,</span> <span class='ocrx_word' id='word_1_74' title='bbox 1274 1754 1317 1797; x_wconf 87' lang='lat' dir='ltr'>ne</span> 
     </span>
     <span class='ocr_line' id='line_1_11' title="bbox 366 1834 1319 1920; baseline 0.001 -22"><span class='ocrx_word' id='word_1_75' title='bbox 366 1857 439 1919; x_wconf 83' lang='lat' dir='ltr'>quae</span> <span class='ocrx_word' id='word_1_76' title='bbox 465 1837 547 1898; x_wconf 87' lang='lat' dir='ltr'>iuter</span> <span class='ocrx_word' id='word_1_77' title='bbox 572 1834 788 1899; x_wconf 88' lang='lat' dir='ltr'>occidentales</span> <span class='ocrx_word' id='word_1_78' title='bbox 810 1834 964 1898; x_wconf 86' lang='lat' dir='ltr'>ecclesias</span> <span class='ocrx_word' id='word_1_79' title='bbox 986 1835 1141 1899; x_wconf 90' lang='lat' dir='ltr'>hactenus</span> <span class='ocrx_word' id='word_1_80' title='bbox 1166 1836 1319 1920; x_wconf 84' lang='lat' dir='ltr'>religione</span> 
     </span>
     <span class='ocr_line' id='line_1_12' title="bbox 366 1936 1319 2020; baseline 0.001 -21"><span class='ocrx_word' id='word_1_81' title='bbox 366 1938 502 2018; x_wconf 82' lang='lat' dir='ltr'>insignis</span> <span class='ocrx_word' id='word_1_82' title='bbox 524 1938 641 2015; x_wconf 85' lang='lat' dir='ltr'>extitit,</span> <span class='ocrx_word' id='word_1_83' title='bbox 659 1938 693 2000; x_wconf 89' lang='lat' dir='ltr'>in</span> <span class='ocrx_word' id='word_1_84' title='bbox 715 1949 878 2020; x_wconf 90' lang='lat' dir='ltr'>posterum</span> <span class='ocrx_word' id='word_1_85' title='bbox 901 1937 942 2000; x_wconf 88' lang='lat' dir='ltr'>sit</span> <span class='ocrx_word' id='word_1_86' title='bbox 962 1936 1099 2019; x_wconf 78' lang='lat' dir='ltr'>insignis</span> <span class='ocrx_word' id='word_1_87' title='bbox 1121 1947 1154 2002; x_wconf 92' lang='lat' dir='ltr'>et</span> <span class='ocrx_word' id='word_1_88' title='bbox 1176 1938 1319 2001; x_wconf 81' lang='lat' dir='ltr'>crimine.</span> 
     </span>
     <span class='ocr_line' id='line_1_13' title="bbox 369 2037 1322 2125; baseline 0.003 -25"><span class='ocrx_word' id='word_1_89' title='bbox 369 2038 404 2101; x_wconf 86' lang='lat' dir='ltr'>Si</span> <span class='ocrx_word' id='word_1_90' title='bbox 418 2039 488 2101; x_wconf 89' lang='lat' dir='ltr'>baec</span> <span class='ocrx_word' id='word_1_91' title='bbox 509 2038 692 2103; x_wconf 83' lang='lat' dir='ltr'>duriuscule</span> <span class='ocrx_word' id='word_1_92' title='bbox 708 2037 875 2102; x_wconf 80' lang='lat' dir='ltr'>rideantur</span> <span class='ocrx_word' id='word_1_93' title='bbox 894 2059 963 2103; x_wconf 85' lang='lat' dir='ltr'>esse</span> <span class='ocrx_word' id='word_1_94' title='bbox 979 2049 1147 2121; x_wconf 87' lang='lat' dir='ltr'>concepta,</span> <span class='ocrx_word' id='word_1_95' title='bbox 1162 2041 1230 2104; x_wconf 88' lang='lat' dir='ltr'>scio</span> <span class='ocrx_word' id='word_1_96' title='bbox 1246 2041 1322 2125; x_wconf 89' lang='lat' dir='ltr'>quia</span> 
     </span>
     <span class='ocr_line' id='line_1_14' title="bbox 367 2137 1320 2223; baseline 0.002 -23"><span class='ocrx_word' id='word_1_97' title='bbox 367 2158 428 2202; x_wconf 93' lang='lat' dir='ltr'>nec</span> <span class='ocrx_word' id='word_1_98' title='bbox 444 2137 573 2201; x_wconf 88' lang='lat' dir='ltr'>diabolo</span> <span class='ocrx_word' id='word_1_99' title='bbox 588 2140 703 2223; x_wconf 92' lang='lat' dir='ltr'>loquor</span> <span class='ocrx_word' id='word_1_100' title='bbox 718 2158 779 2202; x_wconf 91' lang='lat' dir='ltr'>nec</span> <span class='ocrx_word' id='word_1_101' title='bbox 795 2139 1001 2203; x_wconf 86' lang='lat' dir='ltr'>schismatico</span> <span class='ocrx_word' id='word_1_102' title='bbox 1021 2140 1246 2215; x_wconf 89' lang='lat' dir='ltr'>Bathoniensi,</span> <span class='ocrx_word' id='word_1_103' title='bbox 1263 2139 1320 2205; x_wconf 90' lang='lat' dir='ltr'>sed</span> 
     </span>
     <span class='ocr_line' id='line_1_15' title="bbox 368 2239 1321 2325; baseline 0.003 -22"><span class='ocrx_word' id='word_1_104' title='bbox 368 2240 474 2304; x_wconf 89' lang='lat' dir='ltr'>amico</span> <span class='ocrx_word' id='word_1_105' title='bbox 489 2240 628 2305; x_wconf 86' lang='lat' dir='ltr'>veritatis</span> <span class='ocrx_word' id='word_1_106' title='bbox 649 2252 681 2305; x_wconf 93' lang='lat' dir='ltr'>et</span> <span class='ocrx_word' id='word_1_107' title='bbox 702 2239 790 2318; x_wconf 86' lang='lat' dir='ltr'>fidei,</span> <span class='ocrx_word' id='word_1_108' title='bbox 805 2252 836 2303; x_wconf 90' lang='lat' dir='ltr'>et</span> <span class='ocrx_word' id='word_1_109' title='bbox 858 2262 916 2325; x_wconf 89' lang='lat' dir='ltr'>per</span> <span class='ocrx_word' id='word_1_110' title='bbox 938 2263 1011 2305; x_wconf 88' lang='lat' dir='ltr'>eum</span> <span class='ocrx_word' id='word_1_111' title='bbox 1033 2242 1178 2307; x_wconf 79' lang='lat' dir='ltr'>ecclesia</span> <span class='ocrx_word' id='word_1_112' title='bbox 1202 2241 1321 2307; x_wconf 87' lang='lat' dir='ltr'>Christi</span> 
     </span>
     <span class='ocr_line' id='line_1_16' title="bbox 367 2343 1321 2423; baseline 0.004 -18"><span class='ocrx_word' id='word_1_113' title='bbox 367 2343 501 2407; x_wconf 79' lang='lat' dir='ltr'>habenti</span> <span class='ocrx_word' id='word_1_114' title='bbox 530 2344 704 2407; x_wconf 86' lang='lat' dir='ltr'>caritatem.</span> <span class='ocrx_word' id='word_1_115' title='bbox 753 2344 838 2407; x_wconf 90' lang='lat' dir='ltr'>Velit</span> <span class='ocrx_word' id='word_1_116' title='bbox 867 2344 950 2408; x_wconf 91' lang='lat' dir='ltr'>nolit</span> <span class='ocrx_word' id='word_1_117' title='bbox 977 2345 1127 2423; x_wconf 87' lang='lat' dir='ltr'>mundus,</span> <span class='ocrx_word' id='word_1_118' title='bbox 1152 2346 1321 2411; x_wconf 75' lang='lat' dir='ltr'>Cantauri-</span> 
     </span>
     <span class='ocr_line' id='line_1_17' title="bbox 368 2444 1320 2531; baseline 0.005 -24"><span class='ocrx_word' id='word_1_119' title='bbox 368 2465 478 2509; x_wconf 85' lang='lat' dir='ltr'>cnsem</span> <span class='ocrx_word' id='word_1_120' title='bbox 503 2444 683 2524; x_wconf 88' lang='lat' dir='ltr'>ecclesiam,</span> <span class='ocrx_word' id='word_1_121' title='bbox 709 2445 796 2530; x_wconf 92' lang='lat' dir='ltr'>quod</span> <span class='ocrx_word' id='word_1_122' title='bbox 827 2447 918 2509; x_wconf 89' lang='lat' dir='ltr'>Deus</span> <span class='ocrx_word' id='word_1_123' title='bbox 943 2446 1043 2526; x_wconf 87' lang='lat' dir='ltr'>novit,</span> <span class='ocrx_word' id='word_1_124' title='bbox 1069 2447 1193 2512; x_wconf 87' lang='lat' dir='ltr'>sincera</span> <span class='ocrx_word' id='word_1_125' title='bbox 1222 2447 1320 2531; x_wconf 79' lang='lat' dir='ltr'>diligo</span> 
     </span>
     <span class='ocr_line' id='line_1_18' title="bbox 370 2548 1318 2635; baseline 0.005 -27"><span class='ocrx_word' id='word_1_126' title='bbox 370 2548 510 2626; x_wconf 86' lang='lat' dir='ltr'>caritate,</span> <span class='ocrx_word' id='word_1_127' title='bbox 525 2559 556 2612; x_wconf 91' lang='lat' dir='ltr'>et</span> <span class='ocrx_word' id='word_1_128' title='bbox 570 2549 712 2631; x_wconf 91' lang='lat' dir='ltr'>periculo</span> <span class='ocrx_word' id='word_1_129' title='bbox 728 2549 759 2611; x_wconf 91' lang='lat' dir='ltr'>ei</span> <span class='ocrx_word' id='word_1_130' title='bbox 773 2549 960 2612; x_wconf 88' lang='lat' dir='ltr'>imminente</span> <span class='ocrx_word' id='word_1_131' title='bbox 976 2559 1079 2613; x_wconf 85' lang='lat' dir='ltr'>tacere</span> <span class='ocrx_word' id='word_1_132' title='bbox 1094 2571 1161 2613; x_wconf 90' lang='lat' dir='ltr'>non</span> <span class='ocrx_word' id='word_1_133' title='bbox 1176 2571 1318 2635; x_wconf 82' lang='lat' dir='ltr'>possum.</span> 
     </span>
     <span class='ocr_line' id='line_1_19' title="bbox 369 2647 1320 2732; baseline 0.004 -22"><span class='ocrx_word' id='word_1_134' title='bbox 369 2647 454 2710; x_wconf 90' lang='lat' dir='ltr'>Nam</span> <span class='ocrx_word' id='word_1_135' title='bbox 478 2657 514 2712; x_wconf 92' lang='lat' dir='ltr'>ut</span> <span class='ocrx_word' id='word_1_136' title='bbox 535 2650 578 2712; x_wconf 87' lang='lat' dir='ltr'>ait</span> <span class='ocrx_word' id='word_1_137' title='bbox 600 2649 845 2732; x_wconf 63' lang='lat' dir='ltr'>prophetalem</span> <span class='ocrx_word' id='word_1_138' title='bbox 865 2652 978 2731; x_wconf 80' lang='lat' dir='ltr'>rugiit,</span> <span class='ocrx_word' id='word_1_139' title='bbox 994 2652 1066 2732; x_wconf 83' lang='lat' dir='ltr'>quis</span> <span class='ocrx_word' id='word_1_140' title='bbox 1083 2671 1151 2714; x_wconf 84' lang='lat' dir='ltr'>ttott</span> <span class='ocrx_word' id='word_1_141' title='bbox 1173 2647 1320 2716; x_wconf 71' lang='lat' dir='ltr'>timebit?</span> 
     </span>
    </p>
   </div>
   <div class='ocr_carea' id='block_1_3' title="bbox 368 2748 1324 3244">
    <p class='ocr_par' dir='ltr' id='par_1_3' title="bbox 368 2748 1324 3244">
     <span class='ocr_line' id='line_1_20' title="bbox 368 2748 1320 2837; baseline 0.008 -25"><span class='ocrx_word' id='word_1_142' title='bbox 368 2748 532 2813; x_wconf 79' lang='lat' dir='ltr'>Dominus</span> <span class='ocrx_word' id='word_1_143' title='bbox 558 2752 711 2833; x_wconf 80' lang='lat' dir='ltr'>loquutus</span> <span class='ocrx_word' id='word_1_144' title='bbox 735 2758 791 2831; x_wconf 84' lang='lat' dir='ltr'>cst,</span> <span class='ocrx_word' id='word_1_145' title='bbox 815 2753 890 2837; x_wconf 82' lang='lat' dir='ltr'>quis</span> <span class='ocrx_word' id='word_1_146' title='bbox 910 2774 977 2817; x_wconf 80' lang='lat' dir='ltr'>uon</span> <span class='ocrx_word' id='word_1_147' title='bbox 998 2750 1231 2837; x_wconf 74' lang='lat' dir='ltr'>prophetabit?</span> <span class='ocrx_word' id='word_1_148' title='bbox 1268 2756 1320 2820; x_wconf 87' lang='lat' dir='ltr'>De</span> 
     </span>
     <span class='ocr_line' id='line_1_21' title="bbox 369 2840 1322 2932; baseline 0.006 -15"><span class='ocrx_word' id='word_1_149' title='bbox 369 2863 486 2918; x_wconf 72' lang='lat' dir='ltr'>caetero</span> <span class='ocrx_word' id='word_1_150' title='bbox 513 2855 540 2918; x_wconf 90' lang='lat' dir='ltr'>si</span> <span class='ocrx_word' id='word_1_151' title='bbox 564 2854 762 2919; x_wconf 77' lang='lat' dir='ltr'>vocationem</span> <span class='ocrx_word' id='word_1_152' title='bbox 786 2854 910 2919; x_wconf 91' lang='lat' dir='ltr'>domini</span> <span class='ocrx_word' id='word_1_153' title='bbox 933 2840 1171 2921; x_wconf 78' lang='lat' dir='ltr'>cantuariensis</span> <span class='ocrx_word' id='word_1_154' title='bbox 1193 2858 1322 2932; x_wconf 87' lang='lat' dir='ltr'>audisti,</span> 
     </span>
     <span class='ocr_line' id='line_1_22' title="bbox 369 2957 1323 3038; baseline 0.004 -20"><span class='ocrx_word' id='word_1_155' title='bbox 369 2977 412 3020; x_wconf 88' lang='lat' dir='ltr'>cx</span> <span class='ocrx_word' id='word_1_156' title='bbox 435 2978 474 3021; x_wconf 88' lang='lat' dir='ltr'>aa</span> <span class='ocrx_word' id='word_1_157' title='bbox 489 2977 586 3021; x_wconf 85' lang='lat' dir='ltr'>causa</span> <span class='ocrx_word' id='word_1_158' title='bbox 604 2957 772 3021; x_wconf 90' lang='lat' dir='ltr'>ecclesiam</span> <span class='ocrx_word' id='word_1_159' title='bbox 796 2968 883 3021; x_wconf 92' lang='lat' dir='ltr'>tuam</span> <span class='ocrx_word' id='word_1_160' title='bbox 905 2958 1024 3022; x_wconf 86' lang='lat' dir='ltr'>invitus</span> <span class='ocrx_word' id='word_1_161' title='bbox 1047 2981 1113 3023; x_wconf 91' lang='lat' dir='ltr'>non</span> <span class='ocrx_word' id='word_1_162' title='bbox 1135 2980 1246 3038; x_wconf 86' lang='lat' dir='ltr'>exeas,</span> <span class='ocrx_word' id='word_1_163' title='bbox 1260 2959 1323 3023; x_wconf 88' lang='lat' dir='ltr'>nisi</span> 
     </span>
     <span class='ocr_line' id='line_1_23' title="bbox 370 3057 1324 3142; baseline 0.006 -22"><span class='ocrx_word' id='word_1_164' title='bbox 370 3057 433 3121; x_wconf 89' lang='lat' dir='ltr'>alia</span> <span class='ocrx_word' id='word_1_165' title='bbox 448 3079 546 3122; x_wconf 86' lang='lat' dir='ltr'>causa</span> <span class='ocrx_word' id='word_1_166' title='bbox 561 3070 591 3122; x_wconf 88' lang='lat' dir='ltr'>te</span> <span class='ocrx_word' id='word_1_167' title='bbox 606 3059 695 3123; x_wconf 82' lang='lat' dir='ltr'>exire</span> <span class='ocrx_word' id='word_1_168' title='bbox 718 3059 901 3142; x_wconf 89' lang='lat' dir='ltr'>compellat.</span> <span class='ocrx_word' id='word_1_169' title='bbox 948 3060 1023 3124; x_wconf 85' lang='lat' dir='ltr'>Scio</span> <span class='ocrx_word' id='word_1_170' title='bbox 1046 3060 1143 3139; x_wconf 90' lang='lat' dir='ltr'>enim,</span> <span class='ocrx_word' id='word_1_171' title='bbox 1159 3072 1191 3125; x_wconf 91' lang='lat' dir='ltr'>et</span> <span class='ocrx_word' id='word_1_172' title='bbox 1205 3072 1242 3125; x_wconf 90' lang='lat' dir='ltr'>tu</span> <span class='ocrx_word' id='word_1_173' title='bbox 1263 3062 1324 3126; x_wconf 90' lang='lat' dir='ltr'>uti·</span> 
     </span>
     <span class='ocr_line' id='line_1_24' title="bbox 370 3159 1239 3244; baseline 0.006 -25"><span class='ocrx_word' id='word_1_174' title='bbox 370 3179 445 3220; x_wconf 89' lang='lat' dir='ltr'>nam</span> <span class='ocrx_word' id='word_1_175' title='bbox 461 3159 570 3236; x_wconf 90' lang='lat' dir='ltr'>scires,</span> <span class='ocrx_word' id='word_1_176' title='bbox 585 3159 662 3242; x_wconf 91' lang='lat' dir='ltr'>quid</span> <span class='ocrx_word' id='word_1_177' title='bbox 679 3162 719 3223; x_wconf 90' lang='lat' dir='ltr'>ab</span> <span class='ocrx_word' id='word_1_178' title='bbox 736 3161 807 3244; x_wconf 90' lang='lat' dir='ltr'>ipso</span> <span class='ocrx_word' id='word_1_179' title='bbox 823 3161 1016 3225; x_wconf 88' lang='lat' dir='ltr'>obtinuerim</span> <span class='ocrx_word' id='word_1_180' title='bbox 1032 3163 1100 3227; x_wconf 88' lang='lat' dir='ltr'>tibi.</span> <span class='ocrx_word' id='word_1_181' title='bbox 1147 3165 1239 3229; x_wconf 83' lang='lat' dir='ltr'>Vale.</span> 
     </span>
    </p>
   </div>
   <div class='ocr_carea' id='block_1_4' title="bbox 372 3475 1328 3548">
    <p class='ocr_par' dir='ltr' id='par_1_4' title="bbox 372 3475 1328 3548">
     <span class='ocr_line' id='line_1_25' title="bbox 372 3475 1328 3548; baseline 0.014 -12"><span class='ocrx_word' id='word_1_182' title='bbox 372 3475 594 3541; x_wconf 87' lang='lat' dir='ltr'><strong>EPISTOLA</strong></span> <span class='ocrx_word' id='word_1_183' title='bbox 638 3479 879 3545; x_wconf 69' lang='lat' dir='ltr'>CCXIX—an</span> <span class='ocrx_word' id='word_1_184' title='bbox 912 3501 1142 3547; x_wconf 65' lang='lat' dir='ltr'>unumunurn</span> <span class='ocrx_word' id='word_1_185' title='bbox 1173 3503 1328 3548; x_wconf 73' lang='lat' dir='ltr'>Parau-</span> 
     </span>
    </p>
   </div>
   <div class='ocr_carea' id='block_1_5' title="bbox 415 3596 1326 3745">
    <p class='ocr_par' dir='ltr' id='par_1_5' title="bbox 415 3596 1326 3745">
     <span class='ocr_line' id='line_1_26' title="bbox 415 3596 1326 3652; baseline 0.012 -13"><span class='ocrx_word' id='word_1_186' title='bbox 415 3596 516 3641; x_wconf 75' lang='lat' dir='ltr'>CAUSA</span> <span class='ocrx_word' id='word_1_187' title='bbox 532 3598 661 3644; x_wconf 87' lang='lat' dir='ltr'><strong>DOMINO</strong></span> <span class='ocrx_word' id='word_1_188' title='bbox 677 3601 767 3646; x_wconf 80' lang='lat' dir='ltr'><strong>PAPAE</strong></span> <span class='ocrx_word' id='word_1_189' title='bbox 783 3602 985 3648; x_wconf 78' lang='lat' dir='ltr'>ALEXANDRO</span> <span class='ocrx_word' id='word_1_190' title='bbox 1000 3604 1064 3649; x_wconf 81' lang='lat' dir='ltr'>PRO</span> <span class='ocrx_word' id='word_1_191' title='bbox 1079 3604 1326 3652; x_wconf 76' lang='lat' dir='ltr'>CANTUARIENSI</span> 
     </span>
     <span class='ocr_line' id='line_1_27' title="bbox 415 3698 561 3745; baseline 0.014 -2"><span class='ocrx_word' id='word_1_192' title='bbox 415 3698 561 3745; x_wconf 79' lang='lat' dir='ltr'><strong>SCRIPTA.</strong></span> 
     </span>
    </p>
   </div>
   <div class='ocr_carea' id='block_1_6' title="bbox 412 3841 1288 3931">
    <p class='ocr_par' dir='ltr' id='par_1_6' title="bbox 412 3841 1288 3931">
     <span class='ocr_line' id='line_1_28' title="bbox 412 3841 1288 3931; baseline 0.015 -31"><span class='ocrx_word' id='word_1_193' title='bbox 412 3841 553 3903; x_wconf 83' lang='lat' dir='ltr'>Domino</span> <span class='ocrx_word' id='word_1_194' title='bbox 567 3846 728 3909; x_wconf 67' lang='lat' dir='ltr'>Akmond.</span> <span class='ocrx_word' id='word_1_195' title='bbox 745 3846 848 3931; x_wconf 69' lang='lat' dir='ltr'>Papae</span> <span class='ocrx_word' id='word_1_196' title='bbox 863 3851 1010 3913; x_wconf 84' lang='lat' dir='ltr'>Joottnet</span> <span class='ocrx_word' id='word_1_197' title='bbox 1024 3850 1288 3916; x_wconf 70' lang='lat' dir='ltr'>saresberiensis.</span> 
     </span>
    </p>
   </div>
   <div class='ocr_carea' id='block_1_7' title="bbox 363 3974 1323 4472">
    <p class='ocr_par' dir='ltr' id='par_1_7' title="bbox 363 3974 1323 4472">
     <span class='ocr_line' id='line_1_29' title="bbox 414 3974 1323 4070; baseline 0.013 -34"><span class='ocrx_word' id='word_1_198' title='bbox 414 3974 530 4036; x_wconf 76' lang='lat' dir='ltr'>Annua</span> <span class='ocrx_word' id='word_1_199' title='bbox 545 3989 664 4057; x_wconf 85' lang='lat' dir='ltr'>nostra,</span> <span class='ocrx_word' id='word_1_200' title='bbox 674 3992 774 4064; x_wconf 90' lang='lat' dir='ltr'>pater,</span> <span class='ocrx_word' id='word_1_201' title='bbox 788 3983 819 4045; x_wconf 89' lang='lat' dir='ltr'>in</span> <span class='ocrx_word' id='word_1_202' title='bbox 837 3984 1048 4048; x_wconf 85' lang='lat' dir='ltr'>amaritudine</span> <span class='ocrx_word' id='word_1_203' title='bbox 1064 3996 1122 4062; x_wconf 87' lang='lat' dir='ltr'>est,</span> <span class='ocrx_word' id='word_1_204' title='bbox 1137 3996 1173 4048; x_wconf 86' lang='lat' dir='ltr'>ut</span> <span class='ocrx_word' id='word_1_205' title='bbox 1188 3987 1277 4070; x_wconf 92' lang='lat' dir='ltr'>quod</span> <span class='ocrx_word' id='word_1_206' title='bbox 1291 3987 1323 4048; x_wconf 91' lang='lat' dir='ltr'>in</span> 
     </span>
     <span class='ocr_line' id='line_1_30' title="bbox 371 4083 1322 4168; baseline 0.014 -32"><span class='ocrx_word' id='word_1_207' title='bbox 371 4085 548 4158; x_wconf 88' lang='lat' dir='ltr'>conspectu</span> <span class='ocrx_word' id='word_1_208' title='bbox 568 4091 671 4143; x_wconf 83' lang='lat' dir='ltr'>vestro</span> <span class='ocrx_word' id='word_1_209' title='bbox 693 4083 791 4147; x_wconf 92' lang='lat' dir='ltr'>timeo</span> <span class='ocrx_word' id='word_1_210' title='bbox 813 4086 996 4168; x_wconf 88' lang='lat' dir='ltr'>plurimum,</span> <span class='ocrx_word' id='word_1_211' title='bbox 1011 4087 1110 4149; x_wconf 85' lang='lat' dir='ltr'>verbo</span> <span class='ocrx_word' id='word_1_212' title='bbox 1133 4087 1322 4151; x_wconf 88' lang='lat' dir='ltr'>modestiam</span> 
     </span>
     <span class='ocr_line' id='line_1_31' title="bbox 370 4175 1321 4271; baseline 0.018 -35"><span class='ocrx_word' id='word_1_213' title='bbox 370 4175 537 4239; x_wconf 86' lang='lat' dir='ltr'>subtrahat</span> <span class='ocrx_word' id='word_1_214' title='bbox 563 4179 611 4242; x_wconf 82' lang='lat' dir='ltr'>vis</span> <span class='ocrx_word' id='word_1_215' title='bbox 640 4182 770 4261; x_wconf 89' lang='lat' dir='ltr'>doloris,</span> <span class='ocrx_word' id='word_1_216' title='bbox 795 4198 827 4250; x_wconf 87' lang='lat' dir='ltr'>et</span> <span class='ocrx_word' id='word_1_217' title='bbox 852 4188 1008 4270; x_wconf 87' lang='lat' dir='ltr'>patientia</span> <span class='ocrx_word' id='word_1_218' title='bbox 1032 4208 1098 4271; x_wconf 85' lang='lat' dir='ltr'>prae</span> <span class='ocrx_word' id='word_1_219' title='bbox 1125 4188 1321 4253; x_wconf 87' lang='lat' dir='ltr'>miseriarum</span> 
     </span>
     <span class='ocr_line' id='line_1_32' title="bbox 368 4277 1321 4373; baseline 0.016 -36"><span class='ocrx_word' id='word_1_220' title='bbox 368 4277 496 4338; x_wconf 91' lang='lat' dir='ltr'>cumulo</span> <span class='ocrx_word' id='word_1_221' title='bbox 508 4282 652 4360; x_wconf 88' lang='lat' dir='ltr'>querelas</span> <span class='ocrx_word' id='word_1_222' title='bbox 668 4287 799 4351; x_wconf 90' lang='lat' dir='ltr'>omnino</span> <span class='ocrx_word' id='word_1_223' title='bbox 814 4301 955 4373; x_wconf 90' lang='lat' dir='ltr'>nequeat</span> <span class='ocrx_word' id='word_1_224' title='bbox 964 4290 1125 4354; x_wconf 89' lang='lat' dir='ltr'>cohibere.</span> <span class='ocrx_word' id='word_1_225' title='bbox 1157 4291 1224 4353; x_wconf 87' lang='lat' dir='ltr'>Alii</span> <span class='ocrx_word' id='word_1_226' title='bbox 1240 4291 1321 4354; x_wconf 90' lang='lat' dir='ltr'>enim</span> 
     </span>
     <span class='ocr_line' id='line_1_33' title="bbox 363 4382 1323 4472; baseline 0.017 -35"><span class='ocrx_word' id='word_1_227' title='bbox 363 4387 507 4440; x_wconf 87' lang='lat' dir='ltr'>nostrum</span> <span class='ocrx_word' id='word_1_228' title='bbox 530 4401 588 4464; x_wconf 90' lang='lat' dir='ltr'>pro</span> <span class='ocrx_word' id='word_1_229' title='bbox 611 4382 797 4450; x_wconf 84' lang='lat' dir='ltr'>defensione</span> <span class='ocrx_word' id='word_1_230' title='bbox 815 4389 949 4472; x_wconf 85' lang='lat' dir='ltr'>justitiae</span> <span class='ocrx_word' id='word_1_231' title='bbox 973 4390 1145 4453; x_wconf 89' lang='lat' dir='ltr'>morientes</span> <span class='ocrx_word' id='word_1_232' title='bbox 1160 4413 1181 4456; x_wconf 96' lang='lat' dir='ltr'>a</span> <span class='ocrx_word' id='word_1_233' title='bbox 1197 4393 1323 4455; x_wconf 84' lang='lat' dir='ltr'>Decet</span> 
     </span>
    </p>
   </div>
   <div class='ocr_carea' id='block_1_8' title="bbox 0 0 1709 5525">
    <p class='ocr_par' dir='ltr' id='par_1_8' title="bbox 0 0 1709 5525">
     <span class='ocr_line' id='line_1_34' title="bbox 0 0 1709 5525; baseline 0 0"><span class='ocrx_word' id='word_1_234' title='bbox 0 0 1709 5525; x_wconf 95' lang='lat' dir='ltr'> </span> 
     </span>
    </p>
   </div>
  </div>
 </body>
</html>
