3384 5525
362 772 424 829 256
623 778 758 825 sonuum
775 753 1055 822 saansauarsusrs
1226 757 1271 837 [A.
1287 776 1316 820 n.

365 933 484 999 Christi
509 930 759 1005 crucifixoribus,
782 926 840 1013 qui
863 928 933 1013 ejus
955 949 1059 1003 crura,
1081 949 1179 1013 quem
1202 927 1316 991 obiisse

365 1035 521 1108 videraut,
537 1032 619 1096 sicut
634 1028 740 1093 adbuc
763 1028 950 1107 viventium,
964 1048 1027 1090 non
1046 1038 1238 1093 censuerunt
1253 1048 1317 1089 esse

364 1133 549 1219 frangenda.
595 1130 659 1195 Sed
680 1131 713 1194 in
736 1128 786 1193 bis
808 1129 958 1193 omnibus
984 1128 1181 1195 cruciatibus
1208 1124 1315 1192 invicti

365 1237 460 1302 animi
479 1249 512 1300 et
534 1233 729 1299 admirandae
751 1230 942 1320 constantiae.
961 1245 1084 1317 martyr
1105 1254 1164 1295 uec
1187 1230 1315 1295 verbum

364 1337 511 1425 protulit,
533 1359 591 1400 nec
616 1334 783 1399 clamorem
807 1333 923 1413 emisit,
946 1356 1004 1397 uec
1026 1333 1128 1398 edidit
1153 1331 1315 1416 gemitum,

364 1464 422 1505 nec
436 1438 599 1503 brachium
615 1449 673 1501 aut
688 1448 807 1500 vestem
824 1437 975 1520 opposuit
997 1434 1136 1510 ferienti,
1153 1433 1208 1499 sed
1223 1442 1316 1517 caput

364 1543 459 1607 inclin
469 1539 654 1626 itum,quod
662 1538 986 1623 gladiisexposuerat,
995 1538 1114 1602 virtute
1124 1535 1317 1611 admiranda,

366 1644 466 1708 donec
482 1654 767 1719 consummaretur,
784 1640 911 1706 tenebat
934 1639 1118 1703 immobile:
1143 1652 1175 1704 et
1192 1636 1316 1703 taudem

365 1748 397 1810 in
412 1758 527 1810 terram
551 1742 718 1828 procidens
739 1755 827 1808 recto
850 1763 982 1827 corpore
1003 1763 1066 1805 non
1085 1740 1200 1827 pedem
1220 1738 1317 1802 movit

365 1859 422 1911 aut
437 1866 577 1909 manum.

409 1946 581 2014 Carnifices
596 1957 714 2025 autem,
729 1966 791 2007 non
809 1944 913 2008 minus
927 1942 1036 2030 cupidi
1052 1966 1149 2029 quam
1165 1939 1318 2015 crudeles,
1377 1999 1381 2011 ,

365 2045 440 2110 inde
455 2057 520 2110 tam
543 2044 575 2107 in
599 2044 696 2130 regiae
711 2045 876 2129 potestatis
895 2067 993 2130 quam
1016 2042 1133 2109 divinae
1150 2039 1319 2130 majestatis

363 2146 515 2233 injuriam
535 2144 576 2208 ad
598 2144 736 2208 ecclesiae
759 2143 914 2230 palatium
937 2143 1117 2221 redeuntes,
1141 2145 1319 2209 universam

364 2246 592 2334 supellectilem
607 2257 639 2310 et
655 2245 809 2332 quicquid
824 2245 857 2308 in
873 2246 998 2311 scriniis
1010 2261 1066 2312 aut
1078 2246 1203 2311 clitellis
1218 2243 1318 2309 archi-

364 2349 505 2436 episcopi
520 2360 552 2412 et
568 2369 696 2411 suorum
719 2348 827 2433 potuit
840 2347 987 2423 inveniri,
1008 2347 1120 2412 sivein
1141 2371 1231 2424 auro,
1255 2346 1318 2410 sive

365 2451 396 2514 in
420 2464 564 2535 argento,
588 2461 644 2514 aut
667 2450 810 2514 vestibus
831 2461 887 2514 aut
911 2450 1005 2515 variis
1027 2450 1231 2523 ornamentis,
1261 2458 1318 2511 aut

366 2553 467 2630 libris,
482 2564 538 2616 aut
554 2551 740 2638 privilegiis,
755 2565 811 2617 aut
827 2551 896 2617 aliis
911 2553 1170 2640 quibuscumque
1180 2550 1317 2637 scriptis,

366 2664 423 2718 aut
437 2651 640 2738 equitaturis,
661 2652 833 2718 insatiabili
856 2652 990 2717 avaritia
1005 2666 1037 2718 et
1058 2653 1216 2740 stupendo
1239 2673 1318 2715 ausu

366 2754 560 2841 diripientes,
584 2776 632 2829 ea,
650 2766 686 2818 ut
709 2753 816 2831 libuit,
839 2754 923 2818 inter
938 2778 971 2819 se
994 2754 1191 2820 diviserunt:
1216 2752 1319 2819 imita·

365 2872 449 2923 tores
464 2879 572 2920 eorum
590 2854 665 2920 facti
681 2860 737 2942 qui
753 2857 835 2922 inter
856 2881 888 2921 se
904 2857 1025 2924 Christi
1046 2859 1234 2923 vestimenta
1248 2879 1319 2943 par·

366 2961 416 3026 titi
435 2974 526 3025 sunt:
552 2959 624 3022 licet
640 2981 693 3021 eos
708 2958 947 3043 quodammodo
957 2960 1136 3047 praecedant
1149 2961 1182 3023 in
1195 2959 1318 3024 scelere.

366 3067 423 3139 Et,
437 3076 472 3126 ut
483 3061 623 3148 pontifici
635 3061 703 3145 jam
716 3084 773 3146 per
789 3061 977 3147 martyrium
993 3075 1142 3126 coronato
1153 3061 1319 3126 hominum

365 3165 469 3250 gratia
485 3165 675 3238 auferretur,
691 3163 796 3226 omnia
809 3164 927 3250 scripta
943 3188 1016 3249 qum
1029 3163 1198 3248 sacrilegus
1209 3163 1320 3249 praedo

367 3266 534 3350 surripuit,
549 3265 588 3328 ad
605 3287 710 3349 regem
727 3264 759 3328 in
776 3268 1006 3329 Normanniam
1029 3266 1209 3330 transmissa
1233 3277 1316 3329 sunt.

368 3364 431 3428 Sed
448 3378 529 3428 nutu
545 3365 653 3428 divino
668 3366 800 3450 contigit
816 3366 913 3452 quod,
938 3381 1060 3452 quanto
1075 3368 1176 3455 magis
1190 3366 1319 3433 athletae

366 3466 530 3530 fortissimi
552 3465 683 3550 gloriam
700 3467 855 3532 offuscare
877 3471 1041 3536 nitebatur
1062 3471 1203 3537 humana
1224 3485 1321 3537 teme-

367 3569 454 3647 ritas,
477 3578 566 3630 tanto
588 3590 657 3630 earu
678 3567 815 3654 amplius
838 3573 997 3637 Dominus
1018 3572 1192 3638 illustraret
1214 3586 1320 3638 osten-

367 3669 452 3733 sione
482 3668 621 3748 virtutis‚
650 3681 682 3734 et
720 3669 943 3737 miraculorum
979 3673 1153 3739 manifestis
1182 3673 1316 3738 indiciis.

366 3770 461 3849 Quod
491 3769 550 3834 viri
572 3770 673 3857 impii,
696 3771 753 3857 qui
776 3796 850 3836 eum
872 3774 1093 3839 insatiabiliter
1115 3774 1247 3840 oderant
1274 3775 1319 3839 in-

365 3885 501 3947 tuentes,
532 3872 738 3938 inhibuerunt
762 3875 888 3939 nomine
910 3876 1049 3961 publicae
1078 3881 1257 3964 potestatis,
1279 3900 1319 3941 ne

365 3976 517 4040 miracula
528 3999 601 4062 quae
610 3977 728 4040 fiebant
741 3977 909 4064 quisquam
923 3980 1090 4064 publicare
1100 3992 1317 4066 praesumeret.

366 4078 539 4152 Caeterum,
569 4077 688 4142 frustra
714 4079 788 4163 quis
813 4079 1001 4144 obnubilare
1031 4081 1201 4156 desiderat,
1229 4079 1318 4166 quod

365 4183 454 4243 Deus
473 4177 642 4242 clarificare
658 4178 808 4265 disponit.
855 4183 906 4245 Eo
928 4185 1012 4247 enim
1033 4182 1171 4269 amplius
1193 4206 1317 4269 percre-

365 4282 463 4345 buere
474 4279 638 4357 miracula,
647 4305 712 4367 quo
724 4282 914 4349 videbantur
923 4284 1028 4369 impiis
1040 4284 1202 4350 studiosus
1212 4285 1320 4350 occul·

365 4383 470 4447 tanda.
517 4386 624 4447 Homo
642 4382 725 4449 ridet
740 4386 772 4448 in
788 4384 879 4463 facie,
896 4385 982 4450 solus
995 4389 1084 4450 Deus
1095 4399 1143 4451 est
1159 4387 1216 4471 qui
1229 4410 1319 4452 renes
