3384 5525
362 782 424 839 974
632 791 769 836 scaurus
784 787 1064 835 saansaanrnnsrs
1223 769 1270 849 [r.
1286 788 1318 831 n.

365 944 505 1029 regimen
528 942 618 1006 electi
649 954 734 1014 sunt,
759 962 887 1005 assensu
910 950 942 1003 et
965 939 1148 1004 testimonio
1173 938 1321 1002 roborata

363 1060 430 1111 est:
454 1045 555 1130 ipsius
581 1065 713 1130 quoque
736 1041 827 1106 electi
851 1040 962 1105 merita
983 1045 1161 1106 retulerunt
1184 1039 1266 1105 tanti
1288 1052 1319 1102 et

365 1145 443 1211 tales
459 1144 529 1222 viri,
546 1157 581 1208 ut
597 1155 662 1208 tam
678 1143 719 1207 ab
740 1142 840 1207 electo
863 1165 959 1228 quam
978 1142 1019 1206 ab
1034 1142 1187 1208 electione
1211 1138 1320 1228 procul
1371 1133 1375 1138 ’

368 1259 513 1310 arcentur
525 1246 628 1309 omnis
639 1244 766 1309 sinistra
781 1244 929 1330 suspicio.
964 1245 1072 1321 Quum
1085 1267 1162 1328 ergo
1172 1242 1321 1307 canonica

366 1348 406 1413 sit
423 1348 534 1412 electio
557 1359 589 1410 et
611 1347 732 1410 electus
746 1346 832 1410 omni
851 1349 1033 1432 acceptione
1056 1345 1186 1429 dignus,
1201 1367 1264 1409 uon
1279 1342 1319 1406 ob

364 1448 452 1513 aliud
470 1448 553 1512 sorte
568 1447 760 1512 credendum
776 1461 823 1512 est
844 1449 924 1513 tanti
941 1449 1042 1534 patris
1057 1447 1320 1512 consecrationem

365 1550 465 1616 fuisse
488 1550 630 1626 dilatam,
654 1549 712 1613 nisi
736 1564 773 1615 ut
795 1550 951 1616 illustrius
974 1551 1139 1636 splendeat
1162 1562 1194 1613 et
1209 1546 1322 1613 fortius

366 1656 489 1737 vigeam
502 1652 1321 1737 quumasanctitatevestraacceperitfirmamentum.

368 1754 466 1819 Plura
479 1753 567 1838 loqui
583 1776 692 1817 vereor
707 1753 740 1817 in
756 1753 888 1817 auribus
911 1754 1085 1840 majestatis
1101 1766 1224 1829 vestras,
1240 1774 1317 1836 prae-

367 1859 475 1919 sertim
491 1878 590 1939 quum
604 1856 745 1921 materiae
756 1855 973 1920 excellentiam
989 1854 1146 1942 deprimat
1160 1853 1252 1918 stilus
1264 1854 1319 1917 hu·

366 1957 482 2034 milior,
497 1968 529 2021 et
545 1958 585 2021 ad
607 1957 799 2044 expolienda
818 1971 973 2044 susceptae
988 1981 1092 2022 causae
1107 1956 1232 2034 merita,
1246 1977 1319 2041 qua>

366 2082 424 2145 per
439 2083 471 2123 se
487 2074 609 2145 patent,
626 2084 714 2125 mens
728 2062 820 2146 inops
842 2074 874 2125 et
892 2062 976 2125 victa
996 2060 1105 2146 lingua
1125 2059 1318 2124 succumbat.

366 2161 522 2228 Pietatem
547 2177 683 2228 vestram
699 2163 810 2227 doceat
828 2162 968 2248 Spiritus
983 2176 1110 2227 sanctus
1126 2177 1163 2227 ut
1179 2160 1318 2225 fidelium

367 2277 440 2327 rota
462 2265 672 2349 promoveatis
694 2277 791 2351 prout
816 2263 955 2327 ecclesiae
981 2262 1130 2350 expedit:
1154 2276 1187 2328 et
1213 2263 1318 2326 celeri·

366 2377 432 2430 tate
447 2366 606 2452 adjiciatis
622 2366 708 2454 quod
721 2366 823 2431 oratio
834 2389 896 2430 non
912 2367 1086 2453 praesumit.
1126 2368 1159 2431 Si
1168 2366 1319 2443 calamus,

367 2469 561 2533 serenissime
590 2482 692 2555 pater,
722 2469 866 2550 excessit,
888 2470 1065 2536 necessitati
1092 2493 1165 2557 quse
1196 2470 1320 2556 legibus

367 2569 481 2635 arctari
495 2569 801 2650 nescit,sscribatur,
812 2594 873 2636 non
884 2572 1013 2637 homini.
1053 2571 1227 2659 Angustiae
1238 2573 1320 2638 enim

366 2685 482 2737 nostrae
505 2671 727 2757 multiplicatae
750 2686 824 2738 sunt
855 2696 950 2759 super
972 2696 1148 2739 numerum.
1211 2673 1320 2739 Valeat

366 2797 490 2861 semper
504 2789 535 2840 et
553 2775 656 2859 vigeat
673 2776 824 2842 sanctitas
838 2791 952 2841 vestra.

365 3135 587 3199 EPlSTOLA
607 3135 745 3200 CCCXI
751 3137 764 3198 Ι
769 3154 865 3198 .-so
877 3153 1087 3200 aviniensium
1099 3155 1319 3203 senonassau

638 3255 796 3300 anemae.
830 3237 915 3317 [mn.
936 3239 1044 3319 ura]

374 3410 549 3472 Venerabili
570 3410 710 3472 Domino
731 3418 762 3473 et
777 3415 875 3476 Patri
897 3415 1060 3477 camnine
1084 3416 1235 3478 Willalmo
1256 3416 1321 3478 Dei

403 3512 515 3589 gratia
532 3513 711 3572 senonensi
733 3513 972 3597 Arckiepiscopo
986 3522 1017 3578 et
1037 3516 1120 3579 sedis
1142 3518 1318 3598 apostolice

409 3613 629 3691 legeramus
657 3612 804 3676 ,loannes
833 3616 872 3678 de
897 3617 1085 3681 Saresberia
1113 3620 1263 3692 sulutem,
1290 3627 1321 3680 et

399 3713 513 3794 salices
526 3733 648 3795 semper
661 3715 707 3776 ad
718 3716 861 3796 optanda
876 3737 1047 3780 successus.

411 3864 488 3928 N1s1
515 3864 657 3927 membra
686 3865 782 3949 capiti
809 3865 1006 3941 cohaeserint,
1033 3866 1173 3952 corporis
1198 3867 1319 3932 incolu-

367 3964 459 4031 mitas
475 3987 535 4028 non
553 3965 708 4041 subsistit,
720 3980 751 4031 et
766 3967 880 4030 merito
896 3967 1044 4051 publicus
1060 3968 1158 4032 hostis
1173 3968 1320 4053 arguitur

365 4065 511 4153 quisquis
526 4064 664 4129 ecclesiae
686 4066 884 4152 profectibus
902 4066 1100 4131 adversatur.
1145 4072 1229 4147 Quia
1243 4093 1319 4158 ergo

365 4192 415 4232 me
442 4171 568 4234 Sanctae
599 4167 836 4232 Cantuariensis
862 4168 1000 4234 ecclesiae
1032 4171 1223 4250 membrum,
1246 4172 1320 4236 licet
1400 4196 1405 4201 ·

364 4271 536 4348 modicum,
552 4292 617 4333 esse
640 4283 773 4347 constat,
798 4295 922 4336 necesse
944 4283 1003 4351 est,
1019 4285 1054 4336 ut
1071 4273 1153 4337 votis
1175 4296 1317 4338 commu·

362 4373 457 4439 nibus
481 4396 540 4459 pro
563 4372 714 4437 facultate
739 4373 837 4438 feram
864 4373 1063 4459 suffragium,
1090 4388 1121 4440 et
1150 4386 1219 4439 tota
1246 4375 1318 4439 dili·
