3384 5525
247 731 354 809 1167]
630 748 809 793 arrsrotm.

243 1011 462 1076 EPrSTOLA
486 1012 726 1078 CXCIX—ao
741 1032 822 1076 ure.
838 1029 1017 1075 cruanouu
1033 1028 1193 1073 rocetta.

602 1114 696 1195 [nn.
715 1116 823 1196 nea]
854 1150 856 1153 -

481 1263 646 1355 Mopt'slro
665 1273 807 1335 Girardo
822 1271 951 1335 Puella.

284 1408 337 1468 Er·
352 1407 381 1469 si
396 1407 488 1469 vobis
502 1426 606 1488 nuper
625 1406 803 1488 scripserim
820 1428 892 1489 quae
908 1407 1096 1471 ridebantur
1112 1410 1189 1472 scri-

239 1509 349 1572 benda
367 1530 424 1591 pro
447 1520 599 1591 tempore,
613 1519 719 1571 tamen
742 1510 842 1571 instar
864 1509 1013 1572 amicitia
1035 1512 1194 1593 torpentis

241 1610 375 1673 arbitror
388 1611 471 1673 inter
489 1610 684 1673 necessarios
705 1629 829 1673 cessare
845 1610 934 1672 verbi
956 1612 1192 1688 commercium,

239 1712 413 1795 praesertim
439 1713 547 1774 oblata
573 1733 615 1774 ex
642 1732 844 1795 quacumque
876 1711 1046 1774 occasione
1075 1733 1191 1795 oppor-

239 1814 376 1875 tunitate
405 1814 569 1897 colloquii.
626 1812 762 1876 Celebre
802 1812 961 1896 siquidem
990 1815 1191 1895 proverbium

240 1924 299 1989 est,
315 1916 421 1977 Verba
440 1915 631 1991 amantibus,
645 1927 676 1978 et
698 1914 864 1977 servilibus
885 1915 1024 1995 ingeniis
1045 1917 1190 2000 querelas

239 2037 304 2078 non
320 2013 440 2080 deesse.
485 2017 647 2089 Quantum
663 2038 737 2096 uero
757 2016 921 2079 silentium
935 2016 970 2079 in
986 2015 1189 2100 professioni-

240 2120 300 2182 bus
321 2119 477 2199 religiosis
492 2118 533 2183 ad
554 2121 674 2182 cultum
692 2118 828 2203 justitiae
850 2118 1005 2202 proficere
1028 2141 1189 2183 commen-

240 2221 341 2299 datur,
356 2232 479 2284 tantum
499 2221 642 2303 profecto
662 2221 864 2284 convincitur
877 2222 994 2285 amoris
1008 2222 1140 2305 perdere
1156 2234 1190 2287 et

241 2344 390 2402 generare
413 2321 581 2386 defectum.
626 2322 761 2404 Impulit
781 2344 857 2403 ergo
873 2345 923 2385 me
939 2324 1086 2387 stimulus
1107 2325 1188 2387 cari·

238 2425 323 2500 tatis,
348 2425 508 2507 portitoris
537 2425 776 2507 opportunitate
804 2425 956 2490 divinitus
982 2428 1109 2506 collata,
1131 2449 1188 2510 per·

236 2530 344 2590 literas
368 2528 534 2606 sciscitari,
557 2551 598 2592 arr
620 2530 708 2593 eirca
730 2540 848 2593 statum
871 2541 1008 2593 restrum
1032 2531 1066 2593 in
1094 2533 1187 2594 alter·-

237 2640 340 2689 utram
350 2628 483 2689 fortunae
497 2640 619 2709 partem
636 2628 675 2691 de
690 2649 775 2691 noro
790 2629 831 2692 sit
846 2630 967 2713 aliquid
977 2632 1188 2709 immutatum,

237 2740 269 2791 et
284 2749 326 2791 an
337 2726 458 2810 aliquid
469 2747 527 2810 pro
543 2750 581 2792 ea
595 2740 716 2792 certum
726 2733 915 2814 acceperitis
927 2731 967 2794 de
981 2732 1186 2816 expeditione

238 2830 437 2913 imperatoris
457 2839 491 2891 et
505 2829 544 2892 de
561 2841 664 2893 vestro
685 2833 882 2909 Coloniensi,
898 2855 980 2916 quos
1004 2835 1094 2895 Deus
1110 2853 1186 2895 con·

235 2941 347 3007 vertat,
363 2929 391 2991 si
408 2928 627 3011 praedestinati
648 2940 733 3005 suut,
749 2943 781 2993 et
795 2951 853 3012 per
873 2930 1052 3012 condignos
1067 2933 1188 2994 fruetus

236 3031 434 3116 poenitentiae
464 3031 497 3092 in
526 3032 648 3095 unitate
685 3032 844 3095 Ecclesiae
879 3032 1060 3096 constitutis
1090 3033 1189 3096 donet

237 3135 375 3208 veniam,
388 3145 420 3197 et
435 3145 584 3216 purgatos
599 3132 792 3211 introducat,
804 3147 835 3196 et
850 3133 1006 3216 perducat
1020 3134 1062 3196 ad
1077 3134 1185 3198 vitam:

237 3237 376 3320 alioquin
399 3238 518 3317 virgam
547 3236 660 3298 furoris
694 3236 743 3297 sui
780 3235 956 3298 credentem
987 3238 1127 3318 populos
1152 3238 1185 3299 in

237 3337 468 3419 indignatione,
499 3338 721 3420 corripientem
756 3338 939 3401 Ecclesiam
978 3338 1186 3420 castigatione

238 3437 359 3502 crudeli
380 3439 559 3519 confringat
573 3439 756 3501 Altissimus
775 3438 955 3501 misericors
976 3451 1008 3501 et
1022 3439 1187 3502 miserator

238 3539 407 3602 Dominus.
453 3540 504 3601 De
519 3549 605 3602 statu
618 3559 691 3600 meo
711 3559 792 3601 nora
806 3540 944 3602 scribere
959 3561 1096 3624 nequeo,
1111 3543 1187 3624 quia

238 3641 324 3705 circa
347 3661 399 3703 me
425 3640 505 3702 nihil
531 3651 580 3702 est
603 3635 800 3712 innovatum.
845 3640 909 3703 Sed
933 3642 988 3725 qui
1011 3652 1114 3704 vester
1140 3643 1185 3706 sui

236 3742 426 3817 recedentis,
453 3741 648 3825 ubicumque
673 3742 732 3804 sim
758 3750 791 3804 et
817 3742 1012 3826 ubicumque
1042 3744 1185 3806 locorum

236 3866 292 3908 vos
307 3843 442 3925 degatis,
457 3854 586 3907 auctore
603 3844 753 3921 Domino,
768 3837 872 3908 vester
885 3866 948 3907 ero.
988 3844 1056 3907 Nec
1073 3844 1185 3908 dubito

236 3945 314 4029 quin
325 3955 359 4007 et
369 3945 657 4028 opportunitatibus
667 3946 758 4018 meis,
770 3945 797 4007 si
811 3966 863 4008 res
879 3947 1032 4028 exegerit,
1043 3946 1186 4010 officiosa

235 4068 304 4110 esse
340 4045 491 4129 disponat
518 4059 623 4110 vestra
657 4046 817 4111 sedulitas.
871 4048 1049 4111 Poterimus
1079 4057 1185 4110 autem

235 4147 336 4228 magis
355 4145 396 4207 ad
417 4147 553 4210 invicem
577 4147 712 4210 officiosi
736 4169 817 4225 esse,
839 4149 867 4213 si
889 4149 953 4232 ipsi
972 4149 1201 4232 philosophia

236 4247 340 4331 (cujus
362 4249 551 4331 professioni
574 4248 694 4312 diutius
719 4271 847 4333 operam
874 4251 1032 4330 dedimus)
1057 4270 1186 4312 curave-

235 4348 333 4412 rimus
356 4349 539 4431 diligentius
560 4349 721 4429 inservire,
739 4352 895 4437 utusimus
912 4351 1060 4429 (scilicet)
1075 4348 1202 4433 potius,
