3384 5525
471 766 512 823 40
737 775 875 819 scaurus
891 772 1169 817 ssuasannmrrsm
1324 753 1369 833 [Δ.
1388 773 1419 816 n.

470 930 589 993 tionem
606 928 686 1010 spei,
698 927 738 990 ad
755 928 920 990 tuitionem
936 911 1101 1002 libertatis,
1110 925 1150 987 ad
1162 925 1285 987 virtutis
1300 924 1423 1007 profec-

471 1044 549 1107 tum,
564 1028 651 1114 quod
667 1029 700 1090 in
717 1038 747 1092 te
759 1028 924 1112 praecessit
939 1026 1099 1090 felicitatis
1110 1027 1304 1109 exemplum.
1339 1026 1424 1088 Feli·

470 1132 540 1196 cius
559 1142 665 1195 tamen
688 1140 801 1212 reputo
824 1129 911 1212 quod
934 1151 976 1192 ex
998 1150 1104 1192 amore
1126 1129 1364 1211 possessionum
1392 1139 1424 1190 et

470 1234 622 1299 facilitate
637 1244 670 1297 et
689 1232 863 1295 temeritate
880 1231 1010 1316 jurandi
1034 1232 1168 1314 primam
1189 1230 1287 1293 fidem
1305 1230 1422 1292 irritam

470 1358 535 1399 non
548 1336 660 1413 fecisti,
673 1356 765 1418 quarn
779 1333 867 1416 quod
879 1355 982 1396 rerum
995 1332 1189 1416 compendia
1198 1332 1422 1415 temporalium

470 1449 659 1521 assequutus
674 1458 707 1500 es
723 1457 781 1519 pro
796 1447 871 1499 voto
886 1435 1060 1499 amicorum
1076 1446 1108 1498 et
1123 1436 1235 1498 merito
1252 1448 1315 1497 tuo.
1358 1433 1421 1495 Pro

470 1540 582 1602 merito
604 1561 679 1603 sane
702 1538 851 1616 dixerim,
871 1538 1015 1621 quamvis
1037 1548 1123 1600 certo
1146 1537 1263 1600 certius
1286 1543 1423 1611 constet,

469 1642 561 1724 plura
583 1651 614 1704 et
628 1643 724 1723 longe
745 1639 866 1724 majora
882 1652 914 1702 et
933 1640 1067 1703 clariora
1082 1639 1145 1701 tuis
1168 1639 1275 1701 deberi
1291 1636 1423 1701 meritis.

471 1743 550 1815 Quae
560 1741 773 1827 proculdubio
788 1739 911 1815 reddet,
924 1740 980 1823 qui
989 1739 1150 1802 neminem
1162 1740 1203 1801 ab
1213 1739 1304 1800 initio
1315 1736 1427 1799 fefellit

470 1845 671 1920 creditorum,
687 1852 719 1904 et
733 1861 914 1904 mensuram
931 1840 1125 1919 coagitatam
1147 1849 1179 1900 et
1194 1838 1425 1920 supereffluen-

471 1956 532 2007 tem
550 1942 688 2005 refundit
702 1942 735 2002 in
753 1938 1002 2023 promerentium
1024 1939 1122 2000 sinus
1168 1938 1286 2020 Liquet
1301 1959 1375 2018 ergo
1390 1940 1426 2000 in

471 2056 501 2107 te
518 2044 595 2126 quia
606 2042 708 2117 Deus,
720 2039 775 2122 qui
790 2037 926 2101 inaniter
938 2037 1147 2119 gloriantibus
1159 2036 1286 2113 resistit,
1298 2035 1429 2099 humili·

434 2204 446 2223 ,
470 2145 533 2205 bus
548 2140 603 2203 dat
619 2140 762 2222 gratiam,
779 2149 811 2200 et
824 2135 921 2220 juxta
938 2138 1128 2219 apostolum,
1144 2138 1199 2220 qui
1215 2158 1248 2199 se
1264 2136 1426 2201 existimat

471 2241 590 2326 aliquid
604 2263 685 2318 esse,
698 2262 797 2324 quum
808 2238 889 2301 nihil
902 2238 952 2316 sit,
966 2237 1104 2320 seipsum
1119 2260 1255 2321 semper,
1265 2237 1425 2302 interdum

472 2364 545 2405 vero
562 2343 688 2406 seducit
702 2353 732 2404 et
748 2342 838 2405 alios.

514 2446 597 2517 Quia
612 2466 687 2524 ergo
704 2445 777 2507 Deo
792 2444 929 2527 propitio
950 2444 1148 2526 naufragium
1164 2445 1301 2517 evasisti,
1317 2444 1423 2508 adhuc

470 2547 505 2609 in
530 2548 596 2609 alto
625 2547 862 2628 navigantibus,
887 2558 919 2609 et
945 2569 1018 2610 cum
1045 2548 1136 2610 Petro
1162 2547 1424 2629 naufragantibus

471 2670 566 2732 quarn
582 2658 675 2730 potes
690 2671 784 2732 opem
800 2649 881 2712 ferre
899 2649 1090 2726 memineris,
1105 2660 1136 2712 et
1151 2671 1286 2730 agonem
1303 2648 1422 2713 Christi

464 2748 684 2833 jurare,nuno
701 2750 880 2813 orationum
897 2749 1060 2830 suffragio,
1073 2771 1157 2813 nunc
1174 2760 1297 2813 tuarum
1308 2749 1424 2812 solatio

469 2851 639 2914 literarum.
686 2851 718 2912 H
723 2872 769 2913 aec
785 2848 869 2913 enim
885 2859 959 2912 sunt
977 2849 1024 2924 (ut
1039 2849 1174 2912 dixerim
1194 2849 1281 2933 quod
1297 2848 1337 2924 nd
1360 2851 1423 2927 mc)

471 2954 588 3037 quibus
604 2953 742 3016 nraxime
757 2951 947 3032 indigemus.
987 2953 1059 3032 Ego
1075 2951 1161 3013 enim
1177 2973 1234 3035 per
1248 2950 1424 3013 misericor·

470 3053 555 3117 diam
585 3055 651 3116 Dei
679 3055 908 3137 temporalibus
937 3052 1077 3130 abrmdo,
1099 3066 1134 3116 ut
1159 3054 1292 3116 formam
1318 3052 1426 3134 potius

470 3155 586 3217 habere
602 3154 711 3217 videar
727 3155 870 3216 florentis
889 3155 923 3215 in
946 3153 1051 3236 patria
1065 3177 1162 3238 quam
1180 3155 1285 3218 exulis
1300 3164 1332 3218 et
1353 3175 1426 3238 pro·

472 3256 592 3337 scripti.
640 3255 816 3317 Dominum
844 3254 1108 3319 Cantuariensem
1134 3257 1427 3321 Christianissimus

472 3376 531 3417 rex
553 3356 747 3417 Francorum
768 3353 907 3416 Senonis
927 3356 1060 3419 exhibet
1077 3360 1165 3439 regia
1186 3359 1426 3442 magnificentia

473 3457 506 3518 in
522 3456 672 3518 Ecclesia
686 3455 788 3518 beatae
805 3455 987 3520 Columbae:
1013 3481 1149 3542 eumque
1164 3461 1195 3523 in
1214 3463 1363 3523 omnibus
1379 3462 1425 3524 sic

474 3567 641 3621 veneratur
655 3567 686 3620 et
702 3558 835 3633 colit,ut
846 3554 1009 3622 Christum
1021 3562 1154 3624 Domini
1165 3563 1287 3626 deceta
1298 3563 1426 3626 Christo

474 3659 633 3722 honorari.
679 3658 795 3721 Eidem
817 3682 946 3743 quoque
970 3660 1155 3726 fidelissimo
1178 3665 1323 3748 principi,
1345 3665 1428 3728 sicut

474 3761 544 3842 ipse
560 3762 685 3834 fatetur,
698 3761 793 3844 pauci
808 3761 955 3826 videntur
970 3762 1049 3841 dies,
1060 3777 1092 3828 et
1106 3767 1195 3848 parvi
1207 3779 1350 3850 sumptus
1363 3787 1427 3850 prae

475 3862 591 3925 amoris
613 3862 842 3944 magnitudine,
859 3884 940 3947 quos
961 3865 1136 3929 sacerdotis
1155 3867 1275 3931 Christi
1295 3877 1327 3930 et
1349 3889 1426 3951 apo·

476 3962 579 4026 stolici
605 3962 662 4024 riri
686 3962 841 4044 impendit
863 3965 1035 4048 obsequiis.
1082 3966 1146 4029 Sed
1166 3981 1199 4031 et
1223 3969 1319 4032 fidem
1346 3969 1425 4053 ejus,

476 4064 563 4149 quod
578 4060 654 4126 satis
669 4064 830 4126 humiliter
844 4066 957 4128 recolit
977 4066 1140 4149 condigna
1155 4069 1300 4133 mercede
1323 4091 1425 4133 remu-

475 4175 566 4231 nerat
588 4166 688 4244 Deus,
705 4165 797 4249 cujus
820 4168 959 4229 muneris
982 4180 1040 4245 cst,
1055 4182 1090 4231 ut
1112 4172 1179 4235 sinc
1200 4194 1310 4235 cruore
1332 4184 1365 4234 et
1381 4181 1429 4236 tu-

477 4269 580 4332 multu
605 4267 637 4328 in
662 4266 767 4329 medio
793 4268 933 4330 hostium
957 4269 1088 4351 degenS,
1112 4286 1142 4335 ct
1167 4283 1369 4356 prosperetur
1395 4275 1428 4336 in

476 4369 636 4444 omnibus,
652 4378 684 4432 et
699 4368 786 4450 quod
803 4369 979 4434 maximum
995 4385 1127 4456 reputat,
1145 4386 1265 4438 ametur
1281 4387 1312 4439 ct
1327 4375 1428 4438 hono-
