3384 5525
315 835 322 856 ‚
373 785 475 864 llos]
746 804 925 848 nrls'rona.
1266 797 1324 855 177

342 1104 346 1113 -
395 1058 616 1122 EPISTOLA
640 1058 910 1122 coniux—m
926 1077 1098 1122 NICOLAUM
1118 1080 1160 1122 nn
1177 1080 1292 1122 nonan

656 1178 781 1222 norom.
811 1163 900 1236 [nn.
920 1164 1028 1241 llos]

695 1321 780 1384 Idem
795 1342 846 1382 suo
865 1320 998 1384 Nicolna

436 1450 568 1521 Tempora
579 1449 602 1501 si
613 1465 733 1500 numeres
745 1447 813 1498 bene
822 1464 880 1514 qnae
892 1462 1055 1498 numeramus
1067 1454 1193 1510 amantes,

472 1536 536 1587 Non
547 1537 619 1587 venit
631 1539 692 1586 ante
705 1551 778 1585 suum
789 1539 878 1584 nostra
889 1531 995 1599 querela
1007 1532 1084 1583 diem.

411 1648 485 1711 Nnc
499 1646 668 1732 suspiceris
681 1646 768 1731 quod
783 1645 824 1708 de
840 1657 872 1708 te
887 1643 976 1730 queri
993 1643 1099 1721 velim,
1116 1646 1207 1728 cujus
1222 1646 1319 1709 fidem

369 1759 401 1814 et
422 1748 626 1814 devotionem
643 1771 662 1812 a
677 1746 785 1812 multis
806 1746 1003 1831 argumentis
1023 1747 1186 1831 probatam
1208 1749 1321 1828 habeo,

368 1851 423 1916 sed
448 1852 508 1916 tibi
531 1873 709 1938 conqueror
729 1851 815 1937 quod
838 1850 957 1913 amicos
978 1849 1080 1913 sentio
1102 1851 1321 1934 gravissimum

368 1977 472 2041 passos
494 1977 563 2019 esse
583 1953 798 2040 dispendium,
819 1964 854 2016 et
875 1975 914 2016 eo
936 1952 1067 2038 quidem
1089 1953 1214 2036 gravius
1236 1955 1321 2040 quod

369 2057 585 2145 praepediente
613 2069 742 2144 stupore
763 2058 922 2142 jacturam
946 2057 997 2119 vix
1022 2055 1230 2141 reparabilem
1259 2080 1321 2121 non

367 2162 548 2228 advertunt.
580 2161 766 2227 Amicitiam
777 2183 896 2239 veram,
907 2162 996 2245 cujus
1007 2161 1132 2224 initium
1144 2162 1320 2246 perfectum

366 2265 464 2329 finem
488 2287 616 2351 quoque
639 2263 778 2328 fideliter
800 2263 886 2348 apud
911 2262 1073 2328 Ciceronis
1099 2263 1245 2340 Laelium,
1266 2265 1322 2327 sed

367 2368 493 2432 fidelius
507 2367 605 2453 ipsius
620 2366 745 2432 vidutis
760 2365 957 2451 experientia
972 2365 1119 2441 didicisti,
1139 2365 1322 2451 Philosophi

366 2470 511 2555 gentium
535 2469 722 2556 praedicant,
739 2481 776 2533 ut
796 2492 868 2534 eam
883 2469 958 2533 vitoe
978 2481 1129 2532 censeant
1148 2468 1321 2553 praefereu-

365 2574 455 2639 dam:
485 2573 562 2660 quia
584 2572 652 2637 sine
676 2572 732 2636 illa
753 2573 835 2636 sicut
858 2572 1043 2656 injucunde,
1069 2571 1167 2636 sicet
1193 2573 1264 2635 Deo
1289 2585 1322 2635 et

365 2675 549 2741 hominibus
561 2675 678 2743 vivitur
695 2675 811 2740 odiose.
859 2675 953 2740 Hanc
974 2698 1034 2759 ego
1056 2673 1134 2738 nihil
1150 2673 1320 2739 aliudesse

366 2779 569 2861 crediderim,
597 2802 693 2867 quam
729 2779 906 2861 caritatem,
936 2779 1003 2843 sine
1034 2801 1097 2865 qua
1127 2779 1213 2864 quod
1243 2778 1322 2841 fides

368 2882 524 2949 catholica
542 2882 648 2962 docet,
662 2904 758 2946 nemo
773 2881 897 2946 fruetur
921 2882 1001 2946 Deo.
1048 2882 1101 2945 Ab
1121 2880 1180 2944 hac
1203 2880 1321 2945 amicos

364 2985 457 3050 doleo
472 2984 637 3063 excidisse,
653 2997 691 3048 ut
705 3007 793 3048 rarus
808 2985 849 3048 sit
864 2984 918 3071 qui
934 3007 997 3047 non
1014 2983 1201 3069 profiteatur
1216 3005 1249 3046 se
1264 2984 1320 3047 ob-

363 3083 499 3170 ligatum
514 3107 593 3162 esse,
608 3097 664 3150 aut
679 3086 766 3150 carni
782 3099 815 3150 et
835 3084 981 3170 sanguini
998 3096 1054 3149 aut
1073 3082 1321 3170 possessionibus

367 3188 440 3270 suis,
466 3198 523 3252 aut
547 3187 718 3273 expressim
746 3188 864 3253 cavisse
895 3187 1033 3273 publicae
1060 3186 1208 3273 potestati
1231 3187 1263 3250 in
1288 3188 1322 3252 id

367 3289 452 3375 quod
467 3287 554 3353 salva
569 3288 699 3353 caritate
719 3310 782 3352 non
803 3301 907 3375 potest
926 3289 1094 3354 observari.
1141 3290 1248 3364 Quam
1265 3291 1322 3354 ob-

366 3390 550 3476 ligationem
566 3390 592 3454 si
607 3390 678 3477 quis
693 3390 813 3454 licitam
835 3414 902 3456 esse
926 3391 1135 3467 contenderit,
1153 3414 1212 3477 ego
1228 3393 1318 3457 illum

365 3492 552 3558 hoereticum
582 3514 650 3557 esse
679 3515 745 3556 non
771 3493 893 3571 dubito,
921 3507 954 3559 et
979 3494 1172 3560 reclamante
1198 3497 1320 3560 mundo

365 3599 537 3682 pronuntio
559 3595 756 3662 evitandum.
804 3596 874 3680 Ego
889 3597 1052 3661 cantiones
1074 3597 1148 3661 istas
1170 3612 1319 3682 expertus

365 3719 444 3775 sum,
463 3697 515 3762 cui
531 3698 672 3763 exulanti
683 3700 752 3784 jam
768 3710 874 3764 sextus
896 3699 1044 3763 imminet
1058 3722 1170 3777 annus,
1187 3712 1219 3764 et
1234 3703 1320 3788 quod

364 3803 467 3886 majus
482 3811 540 3877 est,
556 3801 705 3866 dominus
725 3804 876 3869 Cantuar.
893 3814 926 3867 et
941 3802 1092 3867 coexules
1107 3804 1154 3867 sui
1170 3817 1319 3890 quartum

365 3913 532 3987 peragunt,
548 3902 710 3987 publicam
733 3926 906 3989 procurans
927 3903 1099 3968 utilitatem
1122 3905 1163 3969 ad
1186 3905 1321 3988 ignomi-

364 4002 448 4069 niam
465 4016 653 4082 nostratum,
670 4006 733 4069 suis
748 4017 804 4070 aut
824 4007 928 4091 gentis
950 4007 1065 4074 alienae
1084 4006 1249 4092 stipendiis
1264 4009 1321 4072 ad-

364 4105 425 4170 huc
440 4107 559 4172 militat
573 4130 630 4194 pro
649 4108 796 4172 libertate
811 4110 965 4191 ecclesiae,
981 4133 1038 4197 pro
1052 4111 1206 4194 sanguine
1229 4110 1322 4174 cleri-

365 4230 485 4293 corum,
498 4233 556 4296 pro
571 4211 783 4276 consolatione
795 4213 915 4298 populi,
928 4224 961 4278 et
972 4237 1034 4279 non
1048 4215 1162 4300 estqui
1174 4213 1322 4298 respiciat

365 4336 450 4380 eum.
498 4314 572 4379 Non
594 4327 642 4380 est
662 4315 695 4379 in
717 4316 851 4380 ecclesia
868 4316 1046 4402 Anglicana
1061 4317 1116 4404 qui
1139 4318 1269 4380 Petrum
1286 4327 1319 4379 et

364 4417 598 4503 condiscipulos
614 4418 744 4503 adjuvet
763 4418 795 4482 in
818 4418 1004 4503 remigando
1018 4419 1207 4485 laborantes.
1254 4416 1320 4481 Sed

405 4541 478 4585 von.
498 4541 534 4585 11.
831 4542 852 4585 n
