3384 5525
751 775 778 833 l
793 730 970 852 168]
1512 792 1873 839 nemi-oms.
2546 781 2669 845 139

735 961 893 1026 pore
919 939 1004 1005 de
1032 939 1305 1005 inimicis
1333 953 1618 1028 optatam
1656 956 1919 1031 expetet
1942 943 2267 1011 ultionem.
2331 945 2455 1011 Sed
2486 947 2663 1033 quie-

736 1041 900 1130 quid
922 1041 1162 1107 faciant
1185 1065 1388 1129 reges,
1405 1065 1532 1107 non
1555 1046 1841 1112 creditur
1857 1047 2036 1134 quod
2061 1046 2491 1114 Pictavienses
2511 1069 2657 1115 cum

736 1168 815 1209 eo
855 1144 1075 1210 ineant
1119 1166 1365 1230 pacem,
1396 1168 1473 1210 eo
1515 1145 1690 1233 quod
1738 1146 2080 1234 desperant
2130 1172 2199 1214 se
2239 1171 2424 1235 posse
2465 1150 2658 1216 fidem

733 1247 1018 1333 reperire
1045 1245 1112 1311 in
1144 1249 1424 1325 homine,
1455 1267 1494 1311 a
1522 1271 1655 1335 quo
1703 1271 1769 1313 se
1797 1249 1989 1315 etiam
2033 1249 2401 1317 innoeentes
2440 1265 2664 1319 contra

734 1345 931 1411 fidem
969 1350 1157 1412 laesos
1183 1369 1322 1412 esse
1361 1360 1746 1434 queruntur.
1821 1350 2078 1429 ,Verum
2122 1372 2661 1439 supervaenneum

735 1461 834 1513 est
863 1447 1073 1513 varias
1099 1459 1388 1514 retexere
1415 1450 1773 1535 opinioneS,
1804 1473 2009 1536 quum
2053 1473 2266 1517 rerum
2297 1465 2567 1520 eventus
2593 1455 2660 1521 in

736 1550 920 1616 brevi
964 1550 1171 1638 ipsam
1218 1549 1905 1637 detegat-veritatem:
1971 1575 2190 1639 quam,
2238 1577 2440 1642 quum
2481 1556 2662 1622 inno-

740 1652 961 1731 tuerit,
983 1652 1129 1736 tibi,
1149 1667 1410 1720 auctore
1440 1657 1606 1733 Deo,
1631 1656 2012 1741 quantocius
2039 1668 2286 1742 potero,
2306 1656 2661 1744 significare

736 1777 866 1820 non
904 1754 1287 1843 pigritabor,
1317 1766 1448 1822 tam
1494 1756 1577 1821 de
1622 1758 1830 1843 pactis
1874 1778 2097 1843 regum
2144 1778 2336 1844 quam
2366 1758 2449 1823 de
2482 1771 2657 1825 statu

737 1857 984 1923 domini
1032 1880 1242 1945 papoe,
1286 1870 1352 1923 et
1396 1879 1589 1923 causa
1637 1859 1918 1925 ecclesiae
1970 1860 2346 1946 Anglicanae
2391 1860 2660 1947 diligen-

738 1959 980 2025 tissime
1022 1960 1302 2026 referens
1347 1959 1657 2049 quicquid
1712 1963 1917 2028 relatu
1960 1961 2228 2047 dignum
2274 1984 2410 2028 esse
2452 1962 2656 2030 credi-

735 2063 912 2129 dero.
990 2063 1103 2128 Tu
1134 2063 1294 2129 mihi
1332 2064 1415 2129 de
1445 2074 1620 2129 statu
1662 2076 1779 2130 tuo
1806 2077 1871 2130 et
1917 2064 2264 2130 amicorum
2306 2065 2657 2132 rescribens

732 2166 936 2231 vicem
981 2165 1212 2231 redde:
1270 2166 1531 2245 habens,
1561 2179 1628 2232 et
1671 2190 1711 2233 a
1753 2172 1990 2234 sanctis
2029 2167 2248 2233 haberi
2288 2168 2546 2250 faciens,
2587 2168 2653 2232 in

733 2272 922 2345 bono,
956 2268 1084 2334 mei
1112 2280 1180 2333 et
1210 2289 1498 2332 meorum
1530 2269 1898 2333 memoriam
1929 2280 2078 2334 ante
2110 2270 2345 2335 Deum.

755 2583 1203 2650 EPISTOLA
1247 2581 1750 2648 CCXLV.-AD
1777 2599 2094 2647 soANNnM
2125 2600 2379 2649 chAV.
2413 2599 2619 2649 ssrxsc.

1472 2686 1566 2768 [A.
1588 2703 1649 2749 n.
1687 2686 1912 2767 1168.]

1207 2839 1461 2902 Joanni
1488 2838 1737 2902 Pictav.
1768 2839 1955 2919 episc.
1985 2839 2055 2903 J.
2086 2839 2160 2904 S.

817 2976 1198 3037 Btmzmcm
1220 2991 1390 3058 saepe
1410 2971 1829 3035 conseruntur
1857 2970 2112 3035 invitis:
2158 2981 2223 3034 et
2253 2992 2424 3049 eum,
2441 2969 2555 3058 qui
2575 2970 2645 3036 in

731 3096 916 3140 suam
947 3072 1288 3160 perniciem
1321 3084 1645 3159 properat,
1675 3094 1976 3138 revocare
2018 3071 2246 3138 caritas
2288 3072 2645 3138 consuevit.

731 3176 925 3256 Quod
959 3175 1206 3241 utinam
1227 3197 1341 3240 rex
1374 3175 1636 3260 Angliae
1665 3174 2002 3242 salubriter
2030 3173 2420 3261 experiatur.
2512 3179 2644 3242 De-

730 3279 974 3345 bitores
1001 3275 1168 3341 enim
1200 3276 1341 3363 ejus
1371 3298 1631 3342 sumus:
1681 3288 1746 3341 et
1789 3289 2061 3363 uterque
2104 3295 2395 3342 nostrum
2424 3279 2476 3344 si
2505 3278 2642 3343 fieri

731 3394 967 3467 posset,
1012 3379 1072 3444 ei
1123 3378 1317 3444 debet
1361 3402 1442 3443 ex
1496 3379 1721 3444 multis
1770 3380 1978 3446 causis
2031 3380 2224 3467 (quas
2272 3402 2643 3446 enumerare

728 3483 995 3569 longum
1024 3481 1150 3565 est)
1184 3503 1259 3546 ea
1287 3504 1437 3568 quae
1465 3481 1550 3546 ad
1581 3482 1852 3548 salutem
1892 3482 2214 3569 pertinent
2243 3494 2309 3547 et
2338 3482 2642 3548 honorem

727 3584 1212 3671 diligentissime
1253 3582 1609 3669 providere,
1638 3597 1703 3648 et
1734 3595 2048 3670 quantum
2089 3583 2246 3650 libet
2283 3584 2640 3651 detrectan-

727 3697 854 3751 tem
888 3707 1185 3751 revocare
1214 3686 1298 3750 ab
1328 3684 1428 3751 his
1457 3708 1605 3772 quae
1634 3685 1861 3751 salutis
1901 3684 2309 3773 dispendium
2339 3687 2638 3754 offerunt.

729 3788 890 3867 Quis
931 3787 1099 3852 enim
1146 3808 1271 3851 non
1311 3787 1525 3854 doleat
1570 3800 1822 3852 tantum
1869 3788 2217 3875 principem
2258 3801 2323 3855 et
2361 3787 2639 3854 ecelesiae

727 3892 855 3956 Dei
886 3901 1018 3955 tam
1048 3892 1467 3955 necessarium
1511 3890 1577 3954 in
1623 3913 1701 3955 eo
1728 3890 2009 3956 fortunae
2036 3890 2283 3957 calculo
2312 3913 2445 3957 esse
2472 3890 2642 3977 posi-

727 4002 891 4068 tum,
925 4002 1000 4055 ut
1044 3990 1407 4076 impellente
1449 3988 1713 4054 consilio
1757 3990 2199 4077 reproborum,
2239 3991 2305 4056 in
2346 4012 2527 4056 suam
2570 4002 2639 4056 et

725 4088 1075 4159 liberorum
1107 4114 1368 4156 suorum
1403 4092 1620 4178 (quam
1652 4094 1830 4158 Deus
1859 4098 2129 4176 avertat)
2163 4090 2639 4158 subversionem

728 4204 909 4258 totus
939 4216 1227 4281 praeceps
1256 4216 1512 4258 currere
1542 4193 1890 4259 videatur?
1952 4197 2059 4260 Ex
2092 4218 2218 4281 quo
2246 4195 2409 4260 enim
2442 4191 2639 4257 eoele-

725 4299 882 4362 sinm
918 4297 1044 4361 Dei
1080 4298 1282 4386 (quod
1315 4298 1448 4363 sine
1491 4297 1713 4364 dolore
1743 4311 1807 4364 et
1837 4298 2081 4384 gemitu
2114 4319 2229 4364 nec
2256 4298 2491 4369 dicere,
2523 4312 2635 4361 affl

722 4398 1082 4466 meminisse
1116 4402 1404 4486 possum)
1434 4422 1661 4479 vexare
1690 4401 1908 4488 coepit,
1940 4413 2005 4466 et
2035 4400 2427 4487 proscribere
2459 4393 2502 4462 *v
