3384 5525
375 738 416 795 72
630 752 766 797 scaurus
783 748 1064 797 sannsnsnrsusrs
1234 731 1280 812 [s.
1298 750 1328 793 n.

377 905 418 967 ab
434 903 591 968 haereticis
614 903 668 987 qui
689 914 914 976 couvenerant,
931 925 1061 968 causam
1077 904 1155 968 fidei
1178 901 1330 966 condem·

377 1005 457 1084 nari,
479 1017 511 1067 et
537 1005 723 1087 apostolicae
747 1004 816 1068 sedi
839 1006 1057 1089 gravissimum
1086 1005 1125 1069 de
1152 1002 1331 1069 schismati-

379 1126 488 1168 corum
504 1127 664 1168 consensu
675 1107 822 1170 roborato
839 1106 1007 1169 subinferri
1023 1104 1241 1188 dispendium.
1264 1102 1330 1165 Sed

377 1206 568 1270 benedictus
584 1207 675 1269 Deus
691 1208 747 1291 qui
761 1208 908 1271 misertus
927 1208 1073 1271 ecclesiae
1089 1206 1241 1271 contrivit
1255 1224 1330 1267 aue·

377 1323 478 1372 torem
501 1309 683 1372 schismatis
706 1310 795 1372 illum
821 1308 1045 1373 detestandum
1071 1308 1190 1373 seculis
1214 1304 1330 1369 Frede-

373 1398 479 1470 'ricum
500 1431 607 1472 coram
623 1406 706 1473 facie
723 1421 837 1487 restra,
853 1410 976 1473 docens
998 1431 1116 1472 annum
1137 1407 1328 1492 placabilem

380 1515 531 1593 Domino,
546 1526 578 1578 et
597 1526 723 1597 tempus
738 1514 928 1577 visitationis
944 1513 1012 1597 jam
1031 1512 1215 1576 advenisse:
1247 1518 1283 1572 ut
1297 1517 1328 1570 et

378 1638 434 1679 vos
450 1617 506 1702 qui
522 1615 663 1697 gladium
679 1616 742 1678 Dei
754 1615 870 1679 videtis
884 1615 1035 1679 eductum
1052 1614 1084 1676 in
1101 1613 1208 1697 capita
1223 1606 1328 1693 tyran·

377 1739 501 1793 norum,
514 1719 546 1781 in
559 1739 615 1780 eos
627 1717 714 1780 Petri
730 1717 871 1798 gladium
887 1715 1042 1792 exeratia;
1058 1715 1228 1798 sciatisque
1244 1712 1329 1796 quod

377 1820 540 1882 constituti
555 1819 641 1895 estis,
656 1818 857 1902 coadjutores
874 1819 937 1881 Dei
952 1818 986 1881 in
1002 1816 1192 1881 exterminio
1208 1834 1329 1893 eorum,

376 1920 444 2002 qui,
456 1931 491 1982 ut
502 1920 668 1982 stabiliant
677 1918 804 2001 iniquas
814 1919 982 1981 hominum
991 1918 1188 1994 traditiones,
1198 1917 1327 1979 verbum

377 2022 440 2084 Dei
455 2021 629 2082 moliuntur
644 2020 841 2099 extinguere.
880 2021 934 2085 Sic
954 2021 1065 2102 utique
1080 2040 1195 2082 manus
1210 2033 1326 2081 vestras

378 2121 520 2182 Domino
535 2119 764 2182 consecrabitis
778 2120 811 2181 in
829 2121 1018 2183 exterminio
1038 2118 1128 2194 idoli,
1145 2118 1224 2181 Levi
1239 2116 1329 2194 resti·

378 2231 481 2281 tuetur
496 2230 530 2282 ut
545 2219 681 2300 gaudeat
697 2219 921 2283 benedictione
944 2221 1054 2302 patris,
1068 2230 1101 2283 et
1115 2218 1326 2282 sacerdotium

377 2331 515 2383 restrum
536 2322 706 2403 plusquam
725 2321 863 2384 Phineas
878 2319 1026 2384 reddetur
1041 2321 1189 2384 omnibus
1209 2317 1325 2382 seculis

378 2422 558 2501 gloriosum.
606 2424 719 2486 Valeat
748 2425 922 2506 paternitas
951 2436 1055 2487 vestra
1089 2434 1121 2487 et
1150 2442 1324 2507 pauperum

377 2523 495 2587 Christi
511 2525 688 2588 meminerit
704 2525 736 2587 in
753 2524 888 2588 bonum!

374 2783 597 2849 EPlSTOLA
621 2784 843 2849 CCXX-ao
859 2805 1006 2849 rnouau
1026 2804 1190 2849 canrosa.
1205 2800 1322 2847 aucur-

621 2904 816 2949 sarscoruu.
866 2886 949 2965 [un.
969 2884 1077 2964 llos]

574 3020 714 3084 Domino
734 3021 863 3084 Thorace
881 3021 1127 3084 Centauricusi.

417 3144 592 3206 lusencrrs
606 3144 731 3219 litteris,
748 3165 828 3227 quas
843 3143 974 3207 domiuo
985 3146 1151 3209 Willelmo
1173 3146 1322 3231 Papiensi

372 3245 496 3306 mittere
520 3242 714 3323 decrevistis,
729 3257 761 3307 et
783 3246 808 3307 si
831 3257 970 3310 mentem
995 3244 1164 3310 scribentis
1179 3248 1323 3332 judicare

372 3366 436 3407 non
453 3343 599 3419 audeam,
611 3345 675 3406 stili
691 3357 797 3408 tamen
813 3348 947 3410 sormam
959 3349 1091 3431 probare
1102 3370 1168 3411 non
1183 3371 1322 3431 possum.

372 3448 448 3508 Non
461 3445 545 3507 enim
558 3464 669 3506 sonare
682 3445 830 3510 videntur
840 3448 1049 3512 humilitatem
1063 3463 1117 3512 aut
1132 3452 1322 3533 processisse

372 3547 413 3611 de
429 3558 534 3610 mente
550 3547 690 3610 hominis
713 3550 769 3632 qui
785 3552 975 3633 Apostolum
999 3549 1136 3616 audierit
1153 3555 1322 3618 exhortan-

370 3660 435 3712 tem
450 3647 625 3732 discipulos
640 3649 772 3727 Christi,
785 3650 949 3715 Modestia
964 3665 1065 3717 vestra
1079 3666 1156 3718 nota
1167 3654 1209 3717 sit
1221 3657 1321 3718 omni-

369 3752 442 3826 bus,
454 3750 613 3814 Dominus
628 3772 728 3835 prope
740 3762 796 3816 est.
822 3752 856 3816 si
869 3754 952 3816 enim
965 3754 1135 3818 litterarum
1148 3765 1320 3821 vestrarum

370 3864 401 3914 et
421 3851 523 3934 ipsius
544 3851 669 3915 articuli
684 3853 803 3933 singuli
819 3852 1031 3931 conferantur,
1047 3876 1090 3917 ex
1111 3858 1319 3921 amaritudine

370 3952 476 4035 potius
492 3960 523 4013 et
536 3972 670 4016 rancore
686 3951 785 4016 animi
801 3975 897 4037 quam
915 3975 958 4017 ex
980 3956 1117 4019 caritatis
1140 3958 1320 4022 sinceritate

369 4054 527 4117 ridebitur
543 4056 737 4136 processisse
751 4057 928 4138 responsio.
966 4057 1051 4132 Quid
1067 4068 1174 4121 autem
1187 4061 1321 4144 scripsit,

366 4167 402 4220 ut
418 4155 570 4218 loedorias
590 4167 623 4217 et
644 4151 831 4231 scommata,
845 4156 879 4219 id
902 4169 961 4235 est,
978 4172 1124 4241 patentes
1144 4183 1268 4225 morsus
1290 4173 1318 4224 et

365 4259 519 4340 figuratos
532 4267 667 4336 taceam,
682 4272 716 4320 ut
731 4279 803 4321 eum
820 4272 906 4323 recte
923 4244 1039 4324 dicatis
1054 4262 1088 4323 in
1111 4262 1219 4325 modio
1234 4264 1316 4326 litte-

363 4381 466 4423 rarum
480 4367 650 4429 vestrarum
665 4359 752 4433 robis
765 4361 934 4442 propinare
946 4361 1125 4426 venenum?
1153 4361 1316 4446 Numquid
