3384 5525
473 783 536 841 200
733 792 869 837 Jonnms
887 786 1165 834 sannsannrnnsrs
1331 768 1376 847 [n.
1395 788 1428 831 n.

469 944 681 1031 jurisjurandi
703 942 854 1029 religione
878 962 1018 1005 asserens
1045 938 1132 1024 quod
1157 940 1190 1001 in
1214 949 1283 999 toto
1309 937 1429 1000 mundo

473 1057 598 1109 nonest
618 1043 748 1107 ecclesia
771 1065 845 1127 quae
866 1054 986 1126 tantam
1012 1040 1125 1103 habeat
1149 1038 1342 1113 libertatem,
1359 1058 1429 1123 quae

474 1160 562 1211 tanta
577 1147 684 1231 quiete
695 1144 853 1228 gaudeat;
876 1165 938 1205 non
954 1156 1000 1206 est
1017 1141 1120 1205 clerus
1132 1140 1189 1225 qui
1206 1152 1297 1203 tanto
1311 1140 1429 1204 honore

474 1247 735 1333 polleat,quanto
750 1244 878 1331 praediti
891 1258 964 1309 sunt
982 1247 1014 1307 in
1033 1256 1117 1307 terra
1132 1264 1200 1319 sua,
1209 1263 1312 1325 quum
1325 1254 1430 1305 tamen

472 1348 578 1412 clerici
599 1345 846 1410 immundissimi
869 1357 901 1407 et
923 1344 1109 1408 atrocissimi
1133 1341 1207 1417 sint,
1233 1355 1346 1426 utpote
1374 1343 1429 1428 qui

473 1473 513 1513 ex
529 1448 667 1513 maxima
682 1460 773 1533 parte
796 1446 955 1530 sacrilegi,
970 1444 1120 1520 adulteri,
1137 1444 1315 1529 praedones,
1331 1444 1429 1523 fures,

473 1563 617 1637 raptores
641 1548 813 1632 virginum,
839 1546 1025 1611 incendiarii
1050 1558 1081 1609 et
1109 1544 1295 1608 homicidae:
1332 1559 1363 1609 et
1389 1544 1428 1607 ad

474 1651 600 1737 singula
614 1651 741 1715 volones
762 1672 847 1727 suos,
864 1648 896 1712 in
917 1648 1098 1713 assertionis
1119 1670 1185 1710 suae
1201 1647 1430 1725 testimonium,

474 1754 604 1818 clericos
618 1765 650 1816 et
667 1751 762 1817 laicos
777 1750 988 1837 producebat.

518 1856 590 1918 Hac
612 1876 687 1937 ergo
709 1875 765 1938 spe
787 1855 875 1938 pacis
897 1852 1023 1937 decepti
1047 1850 1106 1914 viri
1128 1850 1277 1935 religiosi,
1302 1852 1430 1914 commi·

474 1955 612 2019 natorias
633 1976 733 2041 usque
753 1953 795 2017 ad
815 1952 905 2017 aliud
924 1952 1119 2039 colloquium
1142 1952 1274 2015 reddere
1297 1952 1429 2016 distule-

472 2069 560 2133 runt,
571 2055 755 2119 accedentes
769 2054 810 2117 ad
826 2054 1098 2139 archiepiscopum
1112 2068 1148 2118 ut
1160 2053 1187 2116 ei
1200 2054 1428 2139 persuaderent

472 2158 540 2243 regi
557 2178 674 2220 morem
695 2179 817 2241 gerere,
832 2156 866 2219 id
887 2168 934 2219 est
955 2156 1206 2220 observationem
1223 2156 1428 2221 consuetudi·

473 2279 562 2333 num,
584 2257 703 2343 quibus
726 2256 778 2319 ille
800 2256 954 2340 derogare
970 2256 1019 2319 vel
1043 2280 1123 2342 quas
1145 2257 1301 2340 abrogare
1323 2257 1429 2321 decre-

473 2369 573 2432 verat,
590 2356 775 2441 simpliciter
797 2357 948 2443 profiteri.
995 2356 1167 2443 Adjecerat
1188 2359 1284 2421 etiam
1301 2357 1360 2422 sibi
1376 2359 1429 2422 de-

473 2460 549 2522 bere
564 2457 705 2522 sufficere
721 2459 746 2522 si
762 2459 803 2523 sit
820 2473 853 2524 ut
865 2459 996 2523 fuerunt
1011 2471 1221 2525 antecessores
1237 2459 1303 2524 sui:
1325 2482 1429 2546 neque

471 2558 555 2621 enim
585 2581 695 2623 sumus
724 2560 871 2646 patribus
901 2559 1053 2625 meliores.
1109 2560 1235 2638 Quibus
1263 2563 1428 2646 respondit

472 2658 728 2745 archiepiscopus
747 2661 872 2725 nullum
895 2675 1128 2726 antecessorum
1152 2685 1282 2727 suorum
1300 2664 1341 2727 ad
1357 2687 1428 2749 pro-

471 2763 638 2828 fessionem
653 2763 922 2829 consuetudinum
942 2778 1086 2830 coactum
1102 2769 1152 2830 vel
1166 2779 1315 2830 exactum
1331 2767 1427 2832 fuisse

471 2879 604 2952 excepto
619 2866 713 2930 beato
730 2867 897 2945 Anselmo,
909 2866 966 2951 qui
982 2867 1023 2931 ob
1039 2867 1171 2931 eandem
1188 2890 1316 2932 causam
1331 2892 1429 2955 saepe·

471 2991 603 3032 numero
617 2967 777 3041 exulavit;
800 2991 857 3031 nec
872 2969 904 3030 in
921 2967 1010 3032 malis
1027 2981 1174 3054 oportere
1188 2968 1306 3033 imitari
1321 2984 1428 3055 patres

471 3071 526 3154 qui
541 3093 574 3133 se
589 3071 774 3156 poenitenda
789 3070 996 3134 commississe
1012 3070 1195 3149 doluerunt,
1210 3094 1312 3157 eoque
1328 3072 1427 3136 sancti

471 3185 556 3242 sunt,
572 3170 659 3253 quod
675 3193 728 3233 eos
743 3174 776 3234 in
797 3170 915 3255 quibus
936 3169 1056 3234 nollent
1072 3194 1103 3233 se
1119 3171 1295 3235 imitatores
1311 3173 1427 3236 habere

471 3289 664 3332 successores
686 3284 742 3333 aut
765 3283 951 3345 coaetaneos,
976 3292 1120 3354 peccasse
1142 3270 1304 3357 poenituit.
1353 3277 1427 3337 Non

470 3366 554 3429 enim
568 3367 700 3451 Moyses
710 3372 743 3431 in
755 3368 942 3445 diffidentia,
956 3391 1014 3432 nec
1025 3370 1134 3434 David
1148 3370 1181 3434 in
1198 3371 1380 3457 proditione
1395 3387 1426 3438 et

471 3465 639 3545 adulterio,
655 3490 716 3530 non
733 3471 765 3532 in
782 3469 960 3552 proditione
975 3474 1149 3556 apostolus
1166 3493 1223 3535 nec
1238 3472 1269 3536 in
1286 3475 1427 3560 perjurio

472 3569 600 3644 Petrus,
616 3591 673 3632 nec
697 3569 818 3634 Paulus
832 3571 865 3634 in
886 3571 954 3649 zelo
976 3571 1165 3657 insipientiae
1181 3596 1237 3637 nec
1253 3574 1285 3637 in
1301 3598 1425 3640 excom·

472 3669 705 3734 municatorum
725 3672 968 3757 participatione
990 3675 1162 3754 Martinus,
1176 3674 1352 3741 imitandus
1367 3691 1425 3755 est,

472 3769 554 3833 sicut
566 3793 622 3834 nec
634 3770 666 3834 in
679 3774 800 3837 incestu
812 3773 861 3836 vel
872 3773 904 3836 in
916 3773 1086 3859 parricidio
1101 3775 1293 3860 patriarcha,
1306 3777 1357 3840 vel
1370 3779 1424 3864 qui

471 3893 562 3934 mane
576 3871 738 3937 oriebatur
752 3874 960 3958 archangelus
974 3875 1007 3937 in
1022 3875 1152 3940 crimine
1167 3877 1344 3962 apostasiae.
1380 3881 1426 3942 Si-

469 3972 599 4057 quidem
620 3974 737 4038 delicta
756 3977 912 4061 majorum
941 3977 1059 4061 scripta
1081 3990 1155 4042 sunt
1182 3990 1218 4041 ut
1242 3991 1425 4058 caveantur,

470 4094 533 4135 non
545 4087 580 4138 ut
593 4076 809 4139 necessitatem
825 4075 1010 4141 imitationis
1022 4079 1256 4144 successoribus
1267 4079 1422 4162 ingerant.

470 4174 553 4238 Nam
565 4175 698 4239 verbum
711 4176 772 4241 Dei
783 4177 887 4240 forma
898 4178 1024 4242 vivendi
1037 4193 1095 4259 est,
1108 4204 1168 4243 non
1185 4182 1422 4248 conniventium

468 4291 582 4342 coetus.
614 4278 709 4343 Unde
724 4279 911 4364 Apostolus:
930 4283 1043 4344 Estote
1058 4280 1234 4345 imitatores
1251 4284 1324 4360 mei,
1340 4284 1422 4347 sicut

469 4393 500 4444 ct
511 4401 571 4468 ego
581 4377 720 4454 Christi3
738 4379 878 4464 alioquin
891 4394 1008 4466 praeter
1017 4383 1151 4446 formam
1164 4383 1285 4453 Christi
1299 4407 1331 4448 se
1342 4385 1421 4454 nulli
