3384 5525
366 777 426 838 196
628 787 764 831 Josuurs
780 785 1059 831 sannsnnarnrrsrs
1223 769 1269 850 [s.
1286 788 1317 831 n.

365 945 391 1007 si
402 942 558 1026 poenitcre
568 941 691 1013 nolunt,
701 950 734 1002 ct
744 950 849 1003 tamen
860 940 1095 1003 absolutionem
1108 939 1321 1022 importunius

364 1053 527 1126 quarunt:
559 1039 791 1124 respondeatur
813 1040 860 1102 eis
883 1041 914 1102 in
939 1040 1025 1102 omni
1049 1041 1181 1103 caritate
1202 1053 1236 1104 et
1254 1060 1321 1103 mo·

364 1146 477 1222 destia,
503 1142 576 1227 quia
602 1143 673 1205 haec
702 1140 913 1204 absolutionis
938 1142 1040 1204 forma
1065 1142 1263 1223 evangelicae
1290 1152 1322 1204 et

365 1246 549 1331 apostolica
565 1243 719 1307 doctrinae
740 1243 900 1306 contraria
914 1252 976 1321 est,
991 1255 1023 1307 et
1038 1265 1109 1327 quae
1130 1245 1172 1307 ab
1188 1244 1321 1328 antiquo

365 1349 591 1433 episcoporum
620 1345 689 1409 sine
718 1344 830 1429 majori
864 1344 1051 1409 auctoritate
1080 1347 1225 1410 exerceri
1255 1368 1320 1410 non

364 1459 483 1534 potest,
493 1459 529 1512 ut
539 1448 587 1510 sic
598 1446 640 1510 ad
652 1445 862 1509 cardinalium
874 1447 1144 1512 consultationem
1156 1449 1324 1531 negotium

366 1549 527 1615 referatur.
567 1549 702 1612 Dicatur
716 1549 812 1611 etiam
828 1548 876 1611 eis
891 1547 977 1632 quod
992 1551 1153 1613 absolutio
1168 1572 1235 1613 non
1252 1572 1324 1634 pro-

367 1652 451 1715 derit
476 1652 522 1715 eis
544 1649 585 1714 ad
607 1652 752 1727 salutern,
774 1650 835 1711 nisi
863 1651 1049 1732 praecedant
1075 1653 1268 1734 poenitentia
1293 1664 1324 1716 et

366 1752 526 1817 confessio
538 1763 571 1814 et
585 1750 760 1814 satisfactio
772 1770 829 1830 pro
841 1750 1001 1813 facultate.
1033 1752 1221 1835 Numquam
1237 1754 1324 1817 enim

367 1856 414 1918 sic
429 1854 633 1938 impudentes
647 1862 738 1915 erunt
752 1851 860 1932 legati,
877 1864 911 1914 ut
926 1852 1166 1935 impoenitentes
1175 1854 1326 1939 judicent

367 1953 588 2019 absolvendos.
634 1952 668 2016 Si
686 1973 760 2015 vero
780 1952 999 2035 poenituerint,
1015 1964 1048 2016 et
1068 1955 1325 2020 emendationem

369 2056 499 2139 publice
515 2054 730 2137 promiserint,
741 2054 817 2116 licet
832 2054 932 2116 abeis
947 2055 1055 2118 cautio
1067 2068 1209 2140 nequeat
1220 2071 1324 2122 extor-

369 2157 472 2243 queri,
486 2177 546 2219 nec
570 2156 688 2218 inserta
703 2154 855 2217 mandato
878 2154 930 2231 sit,
946 2156 1067 2218 absolvi
1087 2159 1221 2221 fortasse
1235 2168 1327 2243 pote·

369 2271 452 2334 runt,
471 2269 506 2322 ut
527 2256 611 2339 regis
633 2266 666 2318 ct
688 2255 897 2319 cardinalium
923 2256 1103 2337 indignatio
1126 2260 1324 2325 declinetur:

370 2361 446 2444 quia
475 2360 622 2442 praesumi
649 2357 767 2442 poterit
793 2357 1031 2422 mandatoribus
1058 2361 1157 2424 fuisse
1185 2377 1326 2427 cautum.

369 2462 536 2524 Habentur
558 2470 675 2536 autem,
690 2460 817 2543 quoties
839 2459 984 2538 aderunt,
1001 2456 1119 2546 ubique
1142 2473 1174 2526 et
1196 2465 1326 2545 publice

368 2562 554 2646 protestatio
577 2561 677 2624 divini
694 2562 786 2646 juris.
833 2564 1059 2642 Veruntamen,
1083 2565 1326 2651 archiepiscopo

369 2664 601 2747 displiciturum
628 2664 706 2740 seio,
729 2665 756 2726 si
782 2664 934 2727 mandato
960 2665 1088 2729 illorum
1111 2668 1326 2747 absolvantur,

369 2770 422 2853 qui
432 2789 497 2831 non
507 2767 547 2830 de
558 2776 868 2851 acceptapotestate,
878 2769 934 2831 sed
945 2769 1182 2834 detemeritatis
1191 2771 1327 2836 audacia

368 2869 519 2934 mandare
549 2877 748 2952 praesumunt
773 2869 948 2953 episcopis,
973 2891 1068 2953 super
1098 2893 1179 2954 quos
1204 2874 1325 2936 nullam

367 2973 490 3037 habent
509 2971 736 3035 auctoritatem.
781 2971 827 3033 Et
842 2969 972 3054 quidem
994 2972 1106 3036 merito
1129 2972 1320 3058 displicebit

370 3075 436 3139 Sed
452 3075 527 3158 quia
542 3096 603 3154 ego
619 3074 719 3136 etalii
735 3074 830 3136 amici
846 3075 891 3135 tui
907 3073 1154 3138 Cantnarienses
1169 3077 1203 3138 in
1218 3075 1326 3139 multis

368 3177 598 3259 promeruimus
614 3176 891 3257 archiepiscopum
907 3176 1051 3258 quamvis
1066 3176 1178 3240 laesum
1194 3177 1325 3241 confido

370 3276 436 3338 fore
450 3276 651 3358 placabilem,
660 3289 691 3338 et
703 3276 789 3358 quod
801 3277 896 3338 nobis
908 3277 1003 3359 plene
1014 3279 1151 3341 remittet
1162 3279 1196 3342 in
1208 3280 1326 3356 animo,

369 3375 492 3458 siquid
508 3377 541 3437 in
557 3375 617 3438 hac
638 3377 828 3441 necessitate
844 3391 954 3441 contra
969 3399 1004 3441 se
1024 3378 1138 3443 viderit
1152 3401 1224 3443 esse
1246 3401 1325 3464 pra·

369 3489 541 3562 sumptum.
574 3479 608 3540 Si
621 3478 770 3542 vidissem
782 3480 924 3545 mandati
936 3483 1192 3564 conceptionem,
1202 3484 1326 3567 planior

369 3591 453 3645 esset
471 3581 522 3644 via
545 3581 681 3644 consilii.
725 3583 831 3654 Quare
855 3603 970 3665 precor
992 3584 1155 3658 attentius
1171 3597 1205 3648 ut
1227 3586 1326 3668 ipsius

367 3682 498 3758 litteras,
514 3682 540 3743 si
560 3679 665 3744 adhuc
682 3681 805 3745 tradita
826 3693 911 3761 sunt,
929 3683 1008 3747 mihi
1031 3683 1156 3748 mittere
1171 3706 1239 3747 non
1259 3706 1324 3747 mo·

367 3783 453 3846 reris.
499 3784 569 3846 Nec
593 3783 724 3846 excidat
745 3804 765 3845 a
786 3785 953 3858 memoria,
976 3785 1129 3870 quoniam
1153 3785 1187 3849 in
1214 3786 1327 3851 litteris

369 3906 448 3969 quas
466 3886 487 3947 J
489 3885 633 3948 ohannes
649 3885 689 3947 de
705 3886 926 3949 Oxenosordia
942 3888 1056 3964 attulit,
1066 3887 1166 3972 jussit
1179 3887 1327 3952 dominus

367 4008 463 4071 papa,
478 3999 513 4049 ut
536 3988 562 4049 si
583 3989 854 4051 excommunicati
874 4001 984 4054 essent
997 3991 1031 4052 in
1050 3991 1162 4053 mortis
1184 3989 1326 4074 periculo

369 4089 546 4162 constituti,
578 4099 654 4151 tunc
685 4091 924 4154 absolverentur
959 4093 1102 4174 praestito
1134 4092 1328 4176 juramento,

369 4190 498 4276 quodsi
518 4191 777 4255 convalescerent
798 4194 975 4274 apostolico
996 4203 1144 4276 parerent
1165 4193 1328 4270 mandato,

369 4294 408 4355 ln
423 4290 536 4354 litteris
552 4311 682 4376 quoque
698 4293 816 4375 quibus
832 4293 1011 4358 cardinales
1027 4295 1260 4378 praecipiuntur
1275 4314 1328 4357 eos

369 4393 519 4459 reducere
536 4393 568 4454 in
586 4395 776 4456 sententiam
795 4395 1017 4475 anathematis,
1032 4397 1093 4459 nisi
1117 4397 1326 4460 satisfecerint
