3384 5525
371 791 434 849 ‘284
647 801 783 847 ioannis
800 800 1079 846 sanesnamervsrs
1228 785 1273 860 [A.
1293 802 1323 845 a.

371 954 469 1019 sedis
484 956 644 1039 praecipue
665 953 720 1039 qui
737 952 777 1015 de
793 965 877 1016 terra
892 951 1030 1015 clamans
1052 952 1091 1015 ad
1118 953 1222 1015 Deum
1248 952 1325 1015 lide-

371 1056 447 1119 lium
475 1056 643 1119 devotione
665 1055 809 1118 defertur
833 1054 863 1116 io
888 1055 1070 1118 universum
1093 1057 1211 1117 orbem.
1258 1054 1321 1119 Sed

370 1158 555 1221 benedictus
584 1156 683 1236 Deus,
705 1156 891 1220 benedictus
917 1155 1113 1240 apostolatus
1141 1169 1241 1220 vester
1267 1156 1323 1241 qui

369 1280 426 1319 uos
440 1257 621 1321 consolatus
636 1269 683 1319 est
699 1255 900 1320 dominorum
915 1255 1119 1321 cardinalium
1136 1258 1241 1342 gratia
1261 1258 1321 1321 Dei

369 1370 559 1442 cooperante
580 1355 748 1433 industria,
770 1356 802 1417 in
827 1355 1031 1421 tribulatione
1054 1370 1171 1438 nostra,
1193 1371 1227 1421 ut
1252 1372 1322 1443 post

369 1457 534 1541 angustias
549 1457 631 1521 tanti
648 1457 806 1539 naufragii
821 1457 862 1520 ad
881 1456 998 1522 debitae
1015 1457 1170 1521 libertatis
1192 1472 1320 1542 portum

370 1558 534 1621 accessisse
550 1558 697 1623 videatur
712 1558 853 1636 ecclesia,
869 1573 902 1622 ut
926 1559 1174 1623 abominationes
1197 1560 1322 1644 AEgyp-

370 1660 486 1724 tiorum
504 1663 575 1723 Deo
590 1683 648 1722 suo
660 1683 768 1722 secure
781 1660 882 1723 valeat
899 1660 1071 1725 immolare.
1109 1662 1222 1746 Nuper
1237 1663 1319 1724 enirn

369 1762 528 1824 emanavit
539 1760 580 1824 ab
595 1760 639 1824 eis
652 1761 836 1825 mandatum
854 1760 892 1823 de
905 1761 1101 1825 celebrandis
1115 1762 1321 1825 electionibus

370 1862 401 1924 in
420 1885 529 1946 regno,
546 1876 577 1925 et
593 1862 742 1924 dominus
758 1883 813 1923 rex
829 1884 938 1925 eorum
956 1863 1103 1947 precibus
1125 1863 1325 1947 acquiescens

370 1962 498 2026 idoneos
510 1961 541 2024 in
553 1960 692 2023 ecclesiis
703 1961 875 2025 secundum
890 1965 994 2026 Deum
1012 1981 1154 2048 pastores
1169 1967 1320 2050 praecepit

368 2063 518 2126 ordinari.
564 2063 709 2127 Universi
721 2062 820 2127 laetati
832 2079 917 2140 sunt,
933 2066 987 2129 sed
999 2088 1056 2129 nos
1070 2069 1155 2129 omni
1167 2067 1242 2151 jure
1254 2090 1319 2152 prae

367 2163 501 2238 caeteris,
517 2162 572 2247 qui
593 2162 624 2225 in
648 2163 758 2248 majori
781 2164 960 2229 discrimine
976 2168 1188 2231 versabamur.
1236 2171 1320 2232 Con·

368 2265 511 2327 venimus
526 2287 601 2348 ergo
623 2264 739 2349 saepius
761 2265 869 2329 accitis
884 2268 1038 2353 episcopis
1061 2268 1318 2350 provincialibus

359 2381 399 2433 ‚et
423 2366 491 2430 aliis
517 2366 556 2429 ad
584 2389 666 2452 quos
688 2366 799 2432 electio
825 2369 1014 2453 pertinebat,
1038 2384 1069 2433 et
1094 2370 1222 2434 tandem
1250 2374 1321 2435 Deo

367 2468 523 2551 dirigente
545 2491 672 2553 gressus
694 2482 817 2532 nostros
838 2470 872 2532 in
896 2470 1094 2556 beneplacito
1117 2495 1176 2536 suo
1197 2473 1316 2535 facturn

367 2584 414 2635 est
430 2571 577 2635 omnibus
592 2593 645 2634 cor
662 2594 759 2634 unum
777 2586 808 2634 et
825 2572 929 2634 anima
948 2595 1026 2635 urta:
1051 2573 1139 2658 quod
1156 2574 1221 2637 sine
1237 2588 1318 2637 nutu

366 2672 475 2735 divino
491 2694 551 2735 non
568 2671 673 2757 potuit
686 2672 845 2749 accidisse,
859 2687 894 2735 ut
911 2686 975 2736 tam
992 2673 1128 2737 dissonae
1142 2674 1320 2739 voluntates

366 2776 398 2839 iu
425 2774 630 2860 adimplenda
651 2797 810 2838 sacrorum
834 2797 989 2838 canonum
1014 2777 1116 2859 forma
1139 2791 1203 2842 tarn
1226 2778 1317 2841 facile

367 2879 541 2942 unirentur.
588 2877 757 2939 Praceunte
773 2899 849 2961 ergo
864 2876 1022 2941 desiderio
1037 2893 1068 2942 et
1084 2900 1176 2964 prece
1192 2881 1316 2965 populi,

366 2979 435 3064 pari
451 2993 537 3056 voto,
554 2976 693 3041 unanimi
709 2999 860 3040 consensu
877 2979 1080 3043 convenimus
1097 2983 1129 3043 iu
1147 2980 1263 3057 virum,
1279 2981 1319 3045 de

367 3105 433 3168 quo
460 3085 618 3145 Dominus
640 3079 767 3144 videtur
789 3080 906 3144 dixisse
929 3081 1038 3146 nobis:
1077 3084 1142 3146 Hic
1164 3098 1212 3148 est
1235 3084 1319 3147 lilius

367 3206 455 3248 meus
480 3184 616 3248 dilectus
642 3183 674 3245 in
700 3206 766 3267 quo
792 3182 871 3245 mihi
898 3185 977 3246 bene
1001 3184 1188 3270 complacui,
1210 3185 1316 3270 ipsum

365 3284 492 3366 eligite:
513 3285 662 3368 quoniam
687 3307 738 3347 me
760 3307 832 3347 curn
862 3300 1002 3370 martyre
1028 3309 1109 3363 meo,
1132 3309 1227 3371 quem
1251 3287 1318 3372 ipse

366 3405 425 3468 pro
447 3405 497 3446 me
519 3383 690 3468 patientem
715 3385 897 3449 inveritate
919 3386 1044 3468 dilexit,
1059 3388 1172 3452 devote
1194 3388 1313 3462 coluit;

364 3496 396 3548 et
411 3483 443 3547 in
459 3483 554 3546 domo
569 3505 638 3546 mea
653 3483 694 3546 ab
709 3484 838 3548 ineunte
851 3501 945 3552 aetate
960 3488 1096 3554 fideliter
1111 3503 1316 3554 conversatus

365 3600 424 3666 est,
446 3587 596 3673 praelegi
619 3585 782 3664 vicarium,
804 3602 834 3652 et
858 3591 997 3655 ordinari
1020 3593 1172 3678 praecipio
1194 3617 1315 3658 succes-

366 3713 477 3755 sorem.

411 3794 444 3855 ls
455 3805 503 3856 est
515 3794 555 3858 R.
571 3792 708 3857 ecclesiae
725 3807 839 3860 nostrae
856 3797 897 3861 ab
912 3796 1123 3862 adolescentia
1138 3823 1195 3863 sua
1211 3823 1317 3864 mona-

364 3892 454 3968 chus,
471 3904 503 3956 et
517 3892 601 3977 apud
619 3915 675 3956 nos
690 3892 729 3955 ad
753 3917 861 3958 ornnes
885 3911 1051 3980 promotus
1072 3899 1211 3977 ordines,
1228 3903 1315 3985 prior

364 3993 544 4059 monasterii
560 3995 764 4070 Dovorensis‚
777 4019 901 4061 morum
914 3998 1078 4064 honestate
1090 4019 1121 4065 et
1133 4001 1314 4066 litterarum

362 4096 540 4162 eruditione
562 4094 761 4180 conspicuus,
785 4099 947 4163 modestus
973 4102 1005 4163 iu
1030 4102 1138 4180 verbo,
1160 4104 1314 4189 providus

362 4205 395 4266 in
421 4198 569 4273 consiliis,
595 4196 751 4262 discretus
776 4199 807 4261 in
837 4224 943 4286 opere,
967 4203 998 4265 in
1027 4204 1139 4270 babitu
1164 4218 1195 4269 et
1221 4221 1315 4291 gestu

363 4325 468 4366 veram
487 4300 653 4382 temperati
676 4301 772 4365 animi
788 4305 967 4388 exprimens
984 4305 1126 4372 formam.
1188 4308 1312 4373 Decen-

363 4405 481 4470 tissime
504 4403 675 4468 sacerdotis
692 4404 800 4488 explet
823 4405 975 4483 officium,
991 4407 1080 4472 zelus
1098 4408 1220 4474 Christi
1240 4434 1314 4474 suc-
