3384 5525
491 771 531 829 32
751 784 887 828 romnus
904 781 1182 826 saurssuffluunsts
1353 765 1402 845 [Α.
1420 783 1451 832 n.

486 932 729 1019 ignoscendum,
749 934 824 1020 quia
845 945 990 1019 potentes
1012 942 1096 1007 suut,
1112 953 1170 995 nos
1192 931 1384 1011 imbecillos,
1402 934 1450 998 illi

484 1035 638 1121 opulenti,
663 1059 721 1100 nos
742 1059 913 1123 pauperes:
938 1036 963 1100 si
985 1047 1130 1120 tempora
1152 1035 1331 1120 periculosa
1352 1037 1451 1101 meti·

485 1139 574 1216 mini,
591 1140 616 1203 si
639 1139 706 1204 dies
729 1140 829 1205 malos
852 1137 1070 1225 expavescitis,
1093 1151 1129 1202 ut
1151 1149 1262 1202 eontra
1279 1139 1444 1223 justitiam

483 1242 606 1307 ducatis
628 1264 685 1329 pro
707 1243 830 1308 malitia
857 1242 1118 1329 dispensandum,
1141 1239 1289 1328 nunquid
1310 1241 1447 1308 creditis

486 1368 539 1410 vos
554 1346 614 1410 hac
631 1346 680 1411 via
703 1347 810 1411 Deum
827 1346 953 1432 placare
977 1366 1078 1431 posse,
1096 1357 1132 1408 ut
1145 1344 1279 1409 meliora
1294 1357 1445 1432 tempora

482 1447 648 1533 largiatur:
674 1461 711 1514 ut
738 1473 791 1515 vos
816 1449 930 1514 dilatet
953 1463 986 1513 et
1013 1449 1155 1513 roboret:
1183 1458 1218 1511 ut
1241 1447 1441 1514 adversarios

482 1566 600 1618 vestros
623 1564 786 1630 extenuet,
809 1569 842 1616 et
864 1563 1011 1617 enervet:
1049 1552 1195 1639 nunquid
1216 1551 1287 1615 haee
1313 1567 1365 1618 est
1390 1554 1442 1620 via

482 1654 642 1719 Domini?
666 1655 721 1720 ubi
741 1653 817 1719 lex?
842 1654 898 1718 ubi
923 1652 1116 1738 Prophetae?
1147 1652 1202 1717 ubi
1224 1653 1440 1738 Evangelium

483 1758 625 1824 Christi?
658 1759 712 1822 ubi
743 1758 872 1822 decreta
897 1771 931 1821 et
956 1756 1102 1844 exempla
1128 1757 1335 1822 sanctorum?
1370 1759 1441 1824 [ox

480 1862 591 1947 utique
617 1860 811 1945 sempiterna
836 1874 895 1939 est,
918 1875 951 1924 et
974 1859 1049 1923 solvi
1074 1882 1137 1923 non
1162 1871 1276 1945 potest,
1301 1861 1380 1947 quia
1405 1862 1438 1925 iu

480 1984 544 2047 quo
562 1961 684 2046 judicio
701 1961 920 2045 judicaveritis
941 1962 1185 2047 judicabimini:
1216 1973 1250 2026 et
1275 1984 1333 2048 per
1360 1986 1435 2049 quse

480 2075 592 2148 peccat
603 2063 684 2148 quis,
701 2085 758 2148 per
772 2062 842 2127 haec
857 2076 890 2127 et
906 2064 1064 2149 punietur.

527 2165 592 2229 Sed
602 2165 732 2230 fortasse
745 2166 858 2230 minuti
871 2166 1016 2231 homines
1030 2166 1153 2251 indigni
1165 2167 1316 2233 videatur
1331 2179 1368 2232 ut
1379 2192 1439 2256 pro

480 2269 616 2334 sistenti
629 2270 787 2356 principes
797 2271 937 2334 debeant
946 2270 1139 2345 exacerbari,
1151 2283 1185 2335 et
1196 2292 1253 2355 pro
1262 2271 1333 2335 aliis
1342 2294 1437 2359 aeque

480 2374 663 2458 potentibus
687 2386 770 2438 esset
797 2374 882 2458 rigor
902 2374 1037 2458 justitiae
1063 2373 1268 2438 exercendus.
1312 2374 1434 2439 Verum

480 2475 540 2539 hoc
555 2498 618 2540 non
640 2476 772 2562 apostoli
792 2477 953 2541 distinctio
973 2489 1031 2554 est,
1049 2477 1105 2541 sed
1128 2476 1232 2561 arguti
1253 2476 1434 2564 philosophi

481 2577 721 2666 Thrasymachi‚
737 2580 919 2645 definientis
940 2583 973 2644 in
989 2603 1027 2644 eo
1050 2591 1194 2645 constare
1211 2579 1383 2664 justitiam,
1400 2594 1435 2646 ut

424 2753 431 2765 .
479 2680 653 2767 plurimum
663 2682 795 2768 prositei
805 2682 861 2769 qui
871 2682 1168 2770 plurimumpotest:
1184 2697 1434 2770 quumocontra

477 2786 601 2871 probati
616 2786 794 2872 philosophi
808 2786 990 2852 definierint
1009 2809 1081 2851 eam
1097 2810 1165 2852 esse
1180 2788 1344 2868 virtutem,
1359 2811 1433 2875 quas

477 2887 649 2973 plurimum
660 2887 787 2973 prodest
797 2886 825 2950 ei
836 2886 891 2973 qui
901 2886 1069 2950 minimum
1081 2897 1198 2972 potest:
1220 2885 1336 2951 liberat
1345 2888 1433 2951 euim

475 3012 649 3078 pauperem
670 3015 689 3056 a
703 3002 845 3077 potente,
861 3004 895 3054 et
909 2990 1052 3055 decernit
1071 2989 1192 3053 meritis
1207 2988 1350 3074 praemia,
1367 3011 1430 3054 non

475 3096 625 3177 personis.
669 3095 703 3157 Si
725 3116 778 3157 rex
801 3092 1124 3171 immunis‚creditur‚
1141 3092 1217 3179 quia
1237 3091 1314 3155 licet
1332 3092 1432 3177 ipsius

474 3196 673 3273 auctoritate,
688 3195 819 3258 aliorum
841 3206 949 3258 tamen
970 3195 1146 3260 ministerio
1166 3194 1325 3259 maleficia
1340 3217 1431 3260 oxor-

475 3306 708 3381 centur,potest
717 3296 862 3360 etDavid
872 3319 933 3361 non
944 3297 1093 3385 imputari
1103 3297 1231 3383 sanguis
1242 3298 1344 3375 Urias,
1354 3299 1432 3385 quia

475 3398 517 3462 ab
532 3419 648 3462 eonon
664 3398 801 3484 proprio,
816 3400 874 3464 sed
887 3400 994 3485 gladio
1017 3402 1153 3467 filiorum
1172 3405 1312 3466 Ammon
1329 3403 1431 3467 iater-

475 3500 577 3564 foctus
592 3512 650 3566 est.
696 3501 740 3566 Et
763 3502 874 3567 Achab
889 3516 922 3569 et
941 3505 1072 3570 Jezabel
1092 3505 1272 3571 innocentis
1296 3505 1430 3571 Naboth

475 3624 539 3667 nou
551 3602 642 3668 luent
653 3605 850 3689 sanguinem,
864 3608 939 3694 quia
954 3608 1064 3673 fraude
1074 3609 1189 3694 judicii
1200 3608 1318 3693 legitur
1329 3609 1430 3674 inter·

474 3721 617 3792 emptus:
647 3707 703 3771 sed
718 3709 759 3773 ab
779 3721 914 3797 utroque
936 3732 1058 3795 regum,
1074 3734 1250 3797 pauperum
1272 3711 1431 3777 duntaxat

474 3819 507 3871 et
526 3809 732 3874 innocentum
754 3813 882 3897 sanguis
904 3814 1091 3902 exquiritur,
1106 3817 1216 3902 eisque
1236 3836 1300 3879 nou
1321 3813 1428 3900 impu·

472 3921 581 3975 tantur
594 3912 705 3998 proelia
715 3915 882 3981 commissa
892 3917 967 4001 jure
978 3918 1097 4003 legum.
1129 3919 1246 3983 Nonne
1258 3917 1292 3981 in
1308 3916 1428 3982 consis-

471 4013 560 4079 toriis
584 4015 694 4080 vestris
717 4018 831 4082 teritur
857 4022 943 4106 quod
969 4023 1156 4107 regulariter
1178 4022 1341 4108 proditum
1365 4033 1425 4098 ast,

471 4116 547 4203 quia
576 4117 757 4184 ratihabitio
790 4123 942 4188 mandato
976 4126 1201 4214 comparatur?
1221 4127 1357 4194 Nonne
1393 4138 1427 4191 et

471 4219 578 4284 omnia
589 4232 696 4285 nostra
706 4222 840 4290 facimus
855 4228 970 4313 quibus
984 4244 1123 4298 nostram
1139 4234 1342 4321 impertimus
1353 4258 1428 4302 auc-

470 4323 656 4388 toritatem?
683 4328 712 4389 A
730 4347 833 4391 vestro
848 4329 956 4418 itaquo
967 4333 1040 4419 jure
1057 4338 1172 4424 colligo
1187 4340 1339 4425 inferens,
1354 4344 1432 4433 quia

469 4427 494 4491 si
521 4429 742 4495 auctoritatem
772 4436 1097 4525 accommodaveritis,
1119 4442 1145 4507 si
1175 4443 1429 4515 dissimulatione
