3384 5525
239 752 343 849 ilot]
615 786 794 833 urrsroco.
1155 778 1193 838 61

232 942 363 1023 gratiam
378 940 444 1002 Dei
460 940 615 1003 citissime
630 940 867 1004 confundentur
884 950 916 1004 et
930 942 1120 1005 erubescent
1134 944 1192 1027 qui

233 1043 367 1106 oderunt
388 1041 479 1118 Sion,
495 1050 528 1104 et
542 1062 633 1105 suam
653 1062 736 1106 cum
743 1041 866 1106 Scribis
888 1051 920 1105 et
934 1041 1093 1105 Phariseis
1112 1045 1195 1106 srau·

233 1142 366 1206 dulcata
375 1143 550 1205 verborum
561 1142 680 1205 astutia
690 1141 834 1205 nituntur
842 1141 1021 1224 justificare
1031 1145 1195 1208 malitiam.

234 1242 317 1306 Nam
332 1265 377 1307 ex
391 1244 500 1306 verbis
516 1244 700 1307 nuntiorum
716 1243 838 1306 domini
858 1243 954 1325 regis,
969 1245 1105 1328 quinon
1121 1268 1195 1311 coa-

236 1354 387 1409 raverunt
400 1345 435 1407 in
450 1345 552 1419 curia,
567 1344 691 1428 liquido
712 1343 948 1428 deprehensum
971 1357 1029 1424 est,
1043 1369 1109 1431 qua
1131 1349 1195 1411 sin·

233 1448 364 1511 ceritatc
385 1455 512 1529 *agatur
544 1468 618 1510 cum
652 1445 802 1510 Ecclesia
837 1446 920 1509 Dei:
959 1458 990 1510 et
1023 1447 1109 1531 quod
1138 1449 1194 1532 qui

236 1548 427 1611 videbantur
440 1550 599 1611 columnae
611 1547 757 1611 ecclesiae
769 1568 851 1623 esse,
863 1549 1002 1630 corrupti
1014 1551 1196 1632 peponibus

235 1662 267 1714 et
288 1650 372 1713 alliis
396 1648 639 1732 AEgyptiorum,
662 1651 786 1712 malunt
809 1649 939 1722 servire,
965 1661 997 1711 et
1024 1652 1195 1714 ecclesiam

236 1750 362 1830 fatigari
385 1750 421 1811 in
435 1750 505 1811 luto
528 1759 560 1812 ct
580 1749 688 1823 latere,
703 1770 798 1831 quam
822 1748 934 1810 itinere
957 1748 1052 1813 trium
1074 1749 1196 1813 dierum

235 1851 268 1912 in
283 1872 392 1914 veram
403 1849 529 1933 prodire
543 1852 733 1927 libertatem,
744 1862 777 1913 et
792 1850 1045 1914 abominationes
1058 1850 1197 1936 AEgypti

238 1953 381 2015 Domino
395 1952 572 2015 immolare.
617 1952 735 2015 Precor
748 1963 856 2015 autem
877 1952 1030 2016 attentius
1045 1955 1196 2037 quatinus

237 2054 297 2115 mci
309 2052 494 2116 memoriam
507 2053 654 2116 habeatis
667 2054 700 2116 iu
716 2054 913 2118 orationibus
925 2055 1048 2133 vestris,
1060 2066 1092 2118 et
1106 2076 1196 2137 perc·

236 2154 449 2236 grinationem
475 2165 617 2219 nostram
642 2168 823 2219 sauctorum
850 2156 904 2239 qui
927 2157 1094 2221 vobiscum
1121 2167 1196 2221 sunt

238 2256 437 2321 orationibus
451 2255 693 2320 commendetis.

292 2511 518 2577 EPISTOLA
547 2512 786 2577 CCXVL—ao
799 2532 991 2579 Jocncmnu
1006 2536 1138 2581 sanese.

478 2632 675 2679 urrscoeuu.
726 2616 771 2696 [r.
787 2636 818 2679 n.
837 2618 947 2697 lica]

258 2811 398 2875 Domino
412 2811 553 2875 Jocelioo
568 2812 805 2876 Saresbera'ensa’
820 2818 964 2896 episeopo
977 2815 1124 2878 Joannes
1136 2815 1175 2876 de
1195 2802 1197 2806 ’

618 2913 813 2978 Saresberc'u.

279 3077 448 3136 Accomls
469 3071 582 3135 litteris
604 3073 792 3137 amicissimi
813 3072 877 3135 mei
897 3070 1073 3153 Reginaldi
1093 3071 1196 3133 archi·

238 3175 378 3248 diaconi,
403 3173 569 3237 dominum
585 3172 861 3250 cantuariensem,
884 3170 969 3256 quod
985 3183 1018 3236 et
1040 3182 1113 3235 ante
1137 3192 1196 3235 sae·

238 3276 313 3357 pius
342 3275 493 3347 feceram,
520 3293 616 3356 super
645 3274 867 3337 consolatione
896 3283 998 3337 vestra
1026 3273 1196 3336 instantius

238 3376 428 3440 sollicitavi:
459 3384 491 3438 et
506 3376 591 3438 sicut
605 3387 700 3438 antea
716 3375 845 3459 quando
862 3377 1017 3458 Magister
1033 3377 1197 3439 Gilbertus

236 3499 378 3561 praesens
393 3475 494 3554 affuit,
510 3498 636 3540 omnem
653 3498 782 3560 operam
802 3477 877 3541 dedi
892 3490 923 3541 et
939 3476 1146 3558 diligentiam,
1161 3488 1197 3541 ut

235 3579 406 3643 satisfieret
417 3577 563 3660 petitioni
579 3588 699 3640 vestrae.
730 3577 796 3641 Sed
808 3579 913 3659 qualis
928 3578 1032 3660 primo
1047 3577 1197 3640 inventus

238 3696 297 3757 est,
313 3679 386 3743 talis
400 3690 582 3761 perseverat
602 3678 720 3742 adhuc.
766 3679 842 3741 Non
864 3670 1005 3761 quidem,
1020 3682 1058 3739 ut
1073 3679 1198 3742 consci-

241 3781 329 3843 entia
343 3790 425 3842 teste
444 3781 560 3862 loquor
582 3799 688 3842 coram
705 3780 788 3858 Deo,
803 3780 837 3842 in
860 3778 1025 3861 proposito
1048 3794 1198 3842 constans

241 3881 317 3944 odio
341 3881 447 3959 vestri,
474 3878 531 3942 sed
555 3900 597 3942 ne
626 3879 741 3943 dentur
764 3900 884 3944 cornua
909 3880 1081 3962 peccatori,
1103 3891 1134 3943 et
1156 3902 1198 3949 ne

240 3982 324 4045 facto
340 3982 404 4044 isto
423 3981 680 4045 inobedientium
700 3982 862 4044 temeritas
881 3981 1066 4044 invalescat.
1112 3983 1198 4044 Nam

241 4083 267 4145 si
289 4082 331 4146 ad
354 4082 573 4146 obedientiam
598 4082 765 4159 redieritis,
787 4103 853 4144 uon
880 4081 993 4145 dubito
1020 4083 1100 4165 quin
1125 4105 1198 4147 eum

239 4184 328 4248 illico
366 4183 538 4247 inveniatis
574 4183 857 4246 clementissimum
891 4191 1024 4266 patrem.
1079 4184 1200 4247 Nititur

240 4298 344 4349 autem
371 4286 406 4348 in
430 4285 516 4348 sacto
541 4285 614 4362 isto,
639 4294 671 4346 et
695 4284 734 4347 de
758 4284 894 4347 consilio
918 4285 1092 4348 amicorum
1116 4306 1198 4368 quos
1297 4358 1300 4364 .

243 4385 338 4450 habet
368 4387 404 4448 in
435 4384 572 4448 ccclesia
597 4385 752 4460 Romana,
777 4394 808 4446 et
835 4384 1028 4467 sapientium
1053 4385 1199 4446 ecclesiae
