3384 5525
246 750 355 832 1166]
628 769 805 817 srrsroasc.
1160 763 1198 821 15

242 923 381 986 Domini
393 941 464 983 cum
480 921 626 985 omnibus
639 943 715 1003 quae
728 927 831 1007 ipsius
844 932 933 1004 suat,
944 933 981 989 ut
995 928 1025 989 ci
1038 928 1203 1009 saenflcct

240 1028 278 1087 in
293 1025 422 1089 deamo.
467 1025 544 1087 Non
567 1026 692 1108 estqui
713 1027 807 1092 trium
831 1028 954 1091 dierum
977 1028 1083 1093 itineri
1105 1050 1198 1093 vaca·

239 1126 361 1190 tionem
376 1126 523 1209 impetret
538 1128 625 1189 clero
641 1127 771 1209 degenti
786 1131 845 1193 sub
862 1131 978 1212 Moyse
989 1140 1020 1192 et
1035 1131 1152 1205 Aaron,
1164 1130 1198 1194 id

241 1229 346 1292 estin
373 1230 465 1292 cultu
487 1228 568 1309 legis
595 1240 627 1292 et
649 1229 712 1293 ritu
735 1229 835 1294 divini
859 1231 1006 1295 sacrificii
1028 1244 1198 1315 occupato.

242 1325 285 1391 Et
298 1327 430 1412 quidem
445 1328 601 1394 credibile
616 1339 675 1407 est,
687 1330 775 1412 quod
790 1330 819 1394 si
834 1331 887 1393 hio
903 1342 1077 1414 praesentes
1092 1343 1199 1395 essent

242 1432 376 1513 Moyses
401 1441 434 1493 et
457 1430 570 1493 Aaron
593 1430 634 1495 ad
657 1433 772 1495 ostium
795 1432 876 1517 ejus,
899 1434 991 1516 cujus
1013 1432 1199 1498 innocentia

242 1532 445 1615 praedicatur,
463 1540 518 1595 ant
533 1533 579 1595 eis
595 1535 724 1596 omnino
741 1556 806 1597 non
829 1547 953 1616 pateret
967 1556 1128 1611 accessus,
1144 1547 1198 1598 aut

242 1645 411 1716 negaretur
425 1634 564 1709 auditus,
581 1646 636 1699 aut
651 1636 740 1718 quod
763 1637 809 1698 ibi
825 1657 890 1699 non
909 1636 1107 1710 invenenmt,
1124 1657 1198 1719 sup-

242 1734 358 1815 pliciis,
388 1744 444 1796 aut
472 1745 556 1797 certe
586 1735 792 1798 contumeliis
821 1737 1032 1800 afficerentur.
1084 1735 1199 1818 Neque

244 1836 327 1900 enim
351 1834 467 1898 desunt
480 1836 614 1899 Jamnes
637 1849 668 1900 et
689 1838 838 1901 Mambre
863 1838 917 1923 qui
935 1838 1065 1921 Spiritui
1082 1838 1200 1902 Sancto

244 1940 402 2001 resistant.
425 1938 586 2001 Achitofel
598 1940 716 2002 multos
730 1940 1201 2023 indeliberationibusreliquit

243 2038 399 2115 haeredes,
419 2039 476 2122 qui
494 2040 654 2105 infatuant
674 2038 796 2105 animas
819 2041 1013 2126 principum,
1034 2053 1066 2105 et
1087 2052 1199 2105 contra

245 2142 352 2205 Deum
372 2142 538 2225 proferunt
558 2154 591 2206 et
618 2145 792 2226 praeferunt
815 2144 984 2208 consilium
1011 2145 1197 2208 toxicatum.

244 2242 330 2315 Quid
346 2243 434 2306 enim
449 2265 536 2307 nunc
551 2243 639 2307 aliud
662 2245 696 2308 iu
712 2245 938 2309 Cantuariensi
953 2246 1197 2329 archiepiscopo

242 2356 486 2427 persequuntur,
500 2344 562 2407 nisi
578 2346 653 2428 quia
667 2347 701 2409 in
716 2358 895 2430 conspectu
914 2367 1023 2429 regum
1037 2368 1135 2411 ausus
1149 2355 1199 2409 est

242 2447 307 2510 Dei
322 2447 481 2531 justitiam
503 2450 682 2529 protestari,
698 2450 777 2512 tueri
799 2452 913 2532 legem,
935 2449 1092 2513 Ecclesiae
1114 2448 1198 2511 tueri

240 2546 440 2611 libertatem?
472 2546 566 2611 Certe
594 2548 670 2611 dum
696 2550 887 2631 magnificus
913 2559 979 2613 erat
1003 2561 1138 2631 nugator
1163 2549 1197 2610 in

242 2649 339 2727 cuna,
359 2648 434 2712 dum
456 2649 537 2730 legis
556 2662 759 2733 contemptor
780 2651 947 2715 videbatur
966 2662 999 2715 et
1019 2651 1107 2728 cleri,
1121 2650 1198 2713 dum

241 2752 388 2816 scurriles
397 2775 468 2816 eum
476 2753 707 2835 potentioribus
716 2756 897 2819 sectabatur
905 2754 1198 2837 ineptias,magnus

240 2855 428 2933 habebatur,
443 2857 549 2918 clarus
570 2867 647 2933 erat,
663 2867 694 2918 et
715 2868 869 2938 acceptus
889 2855 1050 2930 omnibus,
1064 2864 1095 2915 et
1111 2854 1198 2914 solus
1213 2921 1215 2925 ,

243 2957 453 3039 dignissimus
468 2979 592 3020 summo
608 2959 787 3040 pontificio,
798 2960 838 3021 ab
853 2957 1009 3021 universis
1021 2955 1200 3017 conclama·

241 3061 334 3131 batur
344 3070 377 3127 et
390 3060 541 3140 singulis:
564 3059 623 3122 sed
633 3080 677 3123 ex
688 3081 752 3144 quo
768 3059 801 3122 in
813 3057 1000 3142 pontificem
1012 3055 1200 3118 sublimatus

242 3181 308 3227 suae
339 3182 461 3231 memor
489 3143 684 3224 conditionis
717 3172 750 3225 et
779 3159 987 3243 professionis
1020 3157 1198 3239 exprimere

241 3262 343 3326 voluit
364 3262 576 3340 sacerdotem,
592 3272 625 3325 et
645 3265 741 3326 verbo
762 3262 824 3326 Dei
846 3257 958 3325 maluit
978 3261 1026 3324 uti
1047 3259 1199 3342 magistro

241 3386 336 3447 quam
356 3364 489 3447 populo,
503 3365 608 3427 factus
631 3375 680 3427 est
702 3366 749 3427 eis
766 3364 919 3428 inimicus
934 3386 1007 3427 vera
1030 3362 1152 3438 dicens,
1166 3374 1199 3422 et

239 3467 337 3530 sitam
352 3465 517 3545 corrigens
529 3488 538 3541 ;
561 3476 597 3529 ut
611 3478 643 3529 et
657 3467 692 3529 bi
707 3467 862 3550 impleant
876 3486 1056 3530 mensuram
1072 3478 1199 3548 patrum

241 3589 381 3644 suorum,
403 3568 459 3651 qui
481 3589 524 3631 ex
546 3589 643 3632 causa
665 3568 763 3631 simili
784 3568 961 3651 prophetas
984 3577 1015 3628 et
1037 3566 1199 3648 apostolos

239 3670 426 3754 persequuti
449 3681 540 3734 sunt:
572 3681 604 3734 et
631 3670 760 3754 quidam
785 3691 893 3733 eorum
918 3668 1023 3731 adhue
1048 3678 1199 3748 martyres

241 3773 372 3850 Christi,
386 3772 421 3835 id
437 3785 495 3850 est,
508 3783 607 3836 testes
618 3774 757 3837 veritatis
769 3786 800 3835 et
809 3771 944 3854 justitiae
956 3782 1197 3855 persequuntur.

239 3872 328 3946 Quid
357 3874 391 3937 in
418 3874 494 3939 Elia
522 3874 707 3958 persequuti
734 3885 808 3937 sunt
834 3873 948 3936 Achab
980 3881 1012 3934 et
1039 3868 1196 3934 Jezahell

240 3975 367 4058 Nempe
380 3976 542 4058 religionis
553 3978 728 4052 oraculum,
739 3975 955 4038 testimonium
968 3973 1056 4051 fidei,
1064 3971 1199 4056 justitiae

244 4075 485 4157 professionem,
497 4077 720 4140 exterminium
736 4074 942 4151 Idololatria,
954 4075 1112 4138 medelam
1128 4072 1198 4136 vili·

243 4197 341 4252 orum,
358 4179 526 4243 criminum
552 4179 767 4243 abolitionem.
815 4179 933 4242 Paulus
951 4189 984 4241 et
999 4178 1111 4240 Petrus
1134 4175 1200 4256 gla-

245 4275 328 4340 dium
341 4279 482 4343 Neronis
493 4286 679 4359 evasissent,
690 4280 789 4345 immo
799 4301 858 4342 nec
875 4279 1084 4344 incurrissent
1094 4274 1199 4338 inimi-

245 4378 342 4460 eilias,
352 4382 417 4444 nisi
427 4383 645 4467 voluptatibus
655 4383 819 4447 hominum
829 4393 863 4443 et
874 4381 1030 4444 erroribus
1042 4373 1201 4442 contraria
