3384 5525
488 760 529 818 ct
767 769 904 816 scaurus
920 767 1198 815 sannsonrunusu
1350 750 1397 829 [s.
1414 772 1446 816 n.

493 935 568 989 vota
590 926 749 1009 compleat
764 920 989 1007 deprecantis?
1016 920 1179 1005 Expedite
1202 931 1311 985 autem
1334 922 1454 986 arbitor

491 1026 654 1089 sanctitati
675 1037 787 1089 vestroe
809 1025 851 1088 ad
874 1024 981 1102 vitam,
996 1034 1028 1085 et
1050 1023 1247 1087 nobilitatem
1271 1023 1387 1087 decere
1406 1024 1450 1088 ad

494 1128 639 1208 gloriam,
651 1138 686 1191 ut
697 1126 966 1209 contemplatione
980 1125 1095 1188 divinae
1107 1125 1322 1188 miserationis
1338 1146 1452 1209 parvu-

494 1230 597 1292 lorum
623 1229 744 1294 Christi
769 1226 1012 1292 necessitatibus
1038 1227 1295 1304 communicetis,
1321 1238 1352 1289 et
1379 1228 1451 1290 ubi·

494 1351 632 1413 cumque
655 1329 736 1393 ratio
757 1327 947 1412 permiserit,
968 1327 1002 1389 in
1025 1347 1134 1389 eorum
1156 1328 1373 1390 consolatione
1397 1338 1452 1391 aut

494 1431 695 1515 promotione
710 1429 834 1493 caritati
849 1450 920 1512 quae
936 1427 970 1490 in
985 1426 1113 1491 Christo
1129 1436 1178 1490 est
1192 1427 1409 1505 satisfaciatis,
1420 1442 1452 1492 et
1498 1421 1504 1440 ⁸

496 1524 607 1614 generi
626 1542 730 1594 vestro
753 1529 840 1615 quod
861 1531 968 1614 plures
991 1530 1140 1612 parrulos
1155 1550 1229 1592 suos
1251 1528 1453 1613 dignoscitur

496 1632 667 1710 exaltasse,
693 1652 789 1716 quam
814 1630 966 1707 mundus,
991 1630 1069 1693 licet
1093 1629 1128 1691 in
1153 1630 1292 1711 maligno
1320 1630 1454 1711 positus,

497 1734 603 1798 adhuc
632 1734 735 1818 possit
766 1733 954 1818 deprimere.
1006 1733 1106 1795 Lator
1135 1731 1340 1815 praesentium
1371 1752 1454 1795 unus

494 1837 696 1919 parvulorum
718 1834 838 1898 Christi
859 1844 924 1897 est:
956 1842 1056 1895 estet
1077 1854 1203 1896 mecum
1225 1854 1308 1895 unus
1325 1832 1364 1894 de
1380 1853 1453 1914 par·

495 1934 579 1999 vulis
601 1935 724 2012 vestris,
741 1934 938 2017 potestisque
962 1935 1078 1998 collata
1101 1934 1192 1997 vobis
1213 1934 1450 2017 opportunitate

497 2036 661 2111 divinitus,
676 2047 712 2098 ut
735 2034 798 2098 dici
815 2037 906 2110 solet,
923 2036 992 2098 sine
1013 2036 1170 2117 sanguine
1194 2046 1227 2098 et
1241 2034 1367 2112 sudore,
1383 2035 1452 2098 sine

496 2136 668 2219 dispendio
697 2136 896 2214 facultatum,
921 2148 953 2200 et
981 2159 1054 2202 cum
1084 2147 1256 2218 augmento
1285 2136 1449 2218 opinionis

496 2249 607 2302 vestrae
618 2249 651 2302 et
664 2238 883 2313 conscientiae,
895 2239 1138 2302 necessitatibus
1150 2237 1220 2321 ejus
1229 2237 1327 2321 juxta
1339 2254 1452 2321 preces

496 2338 617 2401 domini
646 2335 881 2420 archiepiscopi
911 2338 1089 2402 subvenire.
1116 2338 1231 2410 ,Quod
1259 2349 1294 2402 ut
1323 2338 1448 2402 faciatis

496 2449 592 2503 tantae
607 2438 781 2522 majestatis
800 2440 951 2522 precibus
967 2461 1046 2503 meae
1066 2439 1229 2523 parvitatis
1243 2438 1361 2522 adjicio
1378 2460 1448 2522 pre·

494 2561 558 2616 ces,
575 2539 650 2602 mihi
664 2549 866 2623 reputaturus
879 2540 1059 2623 impensum
1082 2540 1236 2624 quicquid
1252 2541 1282 2603 ei
1297 2540 1449 2604 beneficii

496 2651 550 2704 aut
571 2640 703 2702 honoris
724 2661 744 2703 a
765 2652 868 2704 vestra
889 2641 983 2704 fuerit
1005 2640 1145 2703 bonitate
1169 2642 1332 2705 collatum.
1379 2643 1449 2706 Nec

496 2743 663 2806 immemor
682 2763 752 2805 sum
774 2742 1013 2818 consolationis,
1030 2764 1125 2826 quam
1142 2743 1279 2808 Senonis
1301 2765 1320 2808 a
1336 2752 1448 2807 vestroe

495 2843 695 2908 liberalitatis
716 2846 811 2908 verbo
833 2845 973 2928 percepi,
987 2866 1048 2907 nec
1072 2867 1127 2908 vos
1142 2845 1358 2909 immemorem
1380 2867 1450 2909 esso

496 2947 609 3028 patiar,
625 2967 722 3029 quum
738 2956 794 3010 aut
808 2946 982 3009 necessitas
1003 2946 1214 3028 importunior
1230 2946 1374 3028 urgebit3
1398 2957 1452 3011 aut

496 3047 653 3111 modestia
664 3046 876 3126 verecundiae,
890 3047 1089 3111 necessitatis
1100 3046 1342 3131 importunitati,
1354 3069 1450 3131 quam

493 3145 637 3210 nondum
648 3147 880 3210 inexorabilem
893 3157 1045 3232 expertus
1056 3169 1138 3222 sum,
1152 3148 1235 3211 victa
1246 3150 1446 3213 succumbet.

497 3248 606 3311 Unum
630 3256 734 3309 autem
758 3267 824 3328 prae
848 3250 970 3311 ceteris
993 3270 1082 3331 rogo,
1104 3269 1221 3312 moneo
1248 3260 1280 3311 et
1307 3249 1342 3311 in
1367 3270 1447 3313 verae

494 3347 643 3410 amicitiae
666 3347 801 3409 consulo
826 3346 898 3422 fide,
922 3357 956 3411 ut
977 3348 1186 3411 memineritis
1209 3348 1240 3410 in
1262 3368 1360 3412 causa
1382 3351 1448 3413 Ec·

494 3447 601 3510 clesiae
625 3444 842 3518 conscientiae,
867 3446 953 3529 quod
975 3446 1017 3509 ad
1040 3449 1156 3526 Deum,
1177 3449 1280 3526 famae,
1295 3449 1385 3532 quod
1406 3449 1448 3514 ad

494 3547 659 3609 homines:
690 3566 751 3608 nec
772 3545 807 3607 in
829 3548 952 3609 calamo
969 3545 1125 3631 AEgyptio
1146 3547 1327 3627 confidatis,
1343 3551 1399 3634 qui
1414 3561 1447 3615 et

494 3646 576 3710 nulli
602 3668 696 3729 opem
722 3647 793 3725 fcrt,
819 3654 852 3710 et
880 3648 1021 3711 membra
1050 3646 1189 3730 perforat
1214 3649 1447 3716 incumbentis:

494 3767 661 3831 rerumque
680 3747 879 3812 exhibitione
897 3750 1090 3827 monstretis,
1105 3750 1193 3832 quod
1215 3749 1256 3812 ad
1277 3772 1344 3827 vos,
1359 3753 1446 3817 falla-

495 3869 565 3911 cem
594 3870 665 3912 csse
695 3860 727 3913 et
755 3872 883 3927 vanum,
913 3848 968 3933 qui
997 3851 1169 3925 maliciam,
1196 3872 1268 3934 quae
1298 3852 1448 3918 adversus

495 3945 674 4012 Ecclesiam
692 3960 869 4027 exercetur,
884 3969 1054 4027 excusans,
1068 3951 1294 4014 accusantibus
1313 3959 1449 4033 praeten-

496 4048 570 4112 dere
586 4051 758 4112 consuevit.
792 4051 883 4112 Gens
899 4071 956 4113 sua
971 4060 1004 4113 et
1018 4051 1219 4134 pontificium
1236 4050 1365 4114 tradidit
1379 4071 1449 4114 eam

495 4147 584 4210 mihi.
629 4147 833 4212 Sacerdotem
850 4149 971 4213 Christi
994 4153 1150 4235 alloquor,
1167 4152 1326 4215 Ecclesiae
1341 4161 1448 4233 pasto·

494 4270 572 4326 rem,
596 4248 782 4332 pontificem
808 4248 995 4328 animarum,
1021 4252 1121 4315 filium
1152 4252 1284 4316 illustris
1314 4251 1450 4328 comitis,

495 4349 548 4433 qui
575 4350 610 4413 in
632 4371 743 4430 regum
767 4351 913 4433 catalogo
940 4350 1055 4433 dignus
1077 4351 1178 4416 fuerat
1202 4353 1372 4429 numerari,
1394 4350 1453 4414 nisi
