3384 5525
459 772 479 830 8
717 785 853 830 scaurus
869 786 1146 832 sanasanumssrs
1316 768 1360 849 [A.
1379 787 1411 830 n.

458 939 600 1022 Epicuri.
649 940 743 1012 Quod
766 940 851 1002 enim
875 938 914 1002 de
938 941 1055 1002 talibus
1077 941 1234 1018 scribitur,
1256 942 1410 1024 quoniam

457 1061 567 1104 eorum
584 1042 674 1103 Deus
691 1050 919 1116 rente1·est,et
940 1041 1039 1123 gloria
1062 1041 1093 1102 iu
1118 1041 1353 1118 confusionem,
1368 1040 1409 1102 ad

458 1154 573 1205 caetera
595 1165 722 1227 quoque
747 1143 822 1206 ritia
843 1144 1050 1227 probabiliter
1072 1138 1201 1206 dilatata
1222 1144 1415 1225 interpretat«

456 1243 543 1305 tione
572 1245 778 1326 protenditur.
833 1243 929 1307 Unde
959 1258 991 1307 ct
1022 1246 1055 1307 in
1085 1245 1265 1327 Evangelio
1295 1245 1412 1307 veritas

458 1343 566 1422 docet,
588 1347 659 1409 Deo
682 1358 713 1409 et
735 1348 931 1409 Mammonae
955 1347 1048 1409 simul
1071 1346 1178 1408 serviri
1201 1367 1267 1407 non
1292 1366 1411 1426 posse:

457 1459 490 1511 et
516 1448 602 1532 quod
628 1450 682 1533 qui
708 1450 830 1512 amicus
861 1450 962 1512 seculi
982 1470 1061 1511 -esse
1091 1445 1258 1523 desiderat,
1282 1447 1345 1509 Dei
1372 1469 1406 1509 se

457 1550 623 1612 constituit
637 1550 812 1614 inimicum.
858 1552 982 1613 Doctor
997 1549 1138 1631 gentium
1159 1556 1361 1632 praeconatur
1376 1557 1410 1608 et

456 1651 584 1731 clamat,
610 1652 686 1734 quia
711 1653 738 1715 si
763 1652 948 1714 hominibus
977 1653 1104 1734 placere
1134 1651 1260 1725 sellem,
1287 1648 1406 1711 Christi

457 1773 564 1816 servus
579 1776 644 1815 non
660 1775 779 1816 essem:
815 1764 848 1816 et
863 1755 919 1836 qui
934 1753 1118 1815 homiuibus
1139 1752 1267 1834 placent
1283 1750 1409 1812 confusi

456 1857 705 1938 sunt,quonia1u
723 1856 815 1919 Deus
830 1856 951 1939 sprevit
964 1856 1046 1917 illos.
1092 1854 1157 1917 Sed
1180 1855 1243 1916 alia
1265 1854 1408 1936 profecto

456 1956 709 2038 Archisynagogi
732 1968 764 2019 et
785 1958 978 2039 complicum
1001 1956 1070 2040 ejus
1092 1956 1248 2019 sententia
1271 1968 1330 2027 cst,
1351 1953 1406 2037 qui

454 2056 656 2120 fraudulenta
681 2060 845 2122 verborum
872 2058 1130 2142 interpretatione
1160 2058 1201 2120 ad
1231 2058 1407 2132 arbitrium,

453 2179 519 2221 uon
549 2158 590 2223 ad
619 2170 756 2223 mentem
783 2162 921 2223 auctoris
950 2161 1140 2246 detorquent
1169 2162 1282 2241 legem,
1308 2160 1403 2242 eique

452 2261 567 2334 nolunt
582 2284 673 2324 suum
690 2263 932 2326 accommodare
948 2264 1164 2326 intellectum:
1188 2261 1246 2324 sed
1258 2261 1290 2323 id
1306 2273 1404 2341 agunt

455 2363 557 2426 modis
582 2365 741 2443 omnibus,
768 2376 803 2428 ut
829 2366 914 2448 quod
941 2366 987 2428 eis
1012 2366 1138 2429 libitum
1165 2365 1266 2439 suerit,
1294 2363 1404 2425 divino

454 2486 583 2548 quoque
593 2465 658 2550 juri
674 2480 922 2531 consentaneum
935 2468 1086 2531 rideatur.
1124 2468 1214 2530 Dicit
1228 2468 1312 2530 enim
1329 2467 1405 2550 quia

453 2582 518 2623 non
546 2574 594 2625 est
619 2584 677 2644 pro
702 2564 846 2626 libertate
873 2565 1031 2627 Ecclesia
1058 2564 1293 2627 decertandum.
1339 2562 1405 2626 Sed

452 2664 552 2727 fallax
568 2677 599 2728 et
616 2667 692 2729 salsa
706 2664 896 2749 hypocrisis,
912 2688 975 2750 qno
990 2667 1207 2750 progrederis?
1235 2667 1321 2739 Quid
1336 2667 1403 2729 haa-

453 2788 539 2831 rescs
554 2769 675 2832 moliris
690 2780 722 2833 et
737 2770 932 2834 schismata?
955 2792 1061 2833 nonne
1075 2773 1115 2833 ab
1131 2770 1222 2833 initio
1242 2770 1405 2832 nascentis

452 2871 533 2953 legis
562 2872 604 2936 ad
631 2874 811 2938 libertatem
844 2873 909 2936 Dei
941 2888 1072 2937 vocatus
1105 2885 1153 2936 est
1179 2869 1339 2955 populus?
1373 2883 1405 2934 et

453 2973 614 3057 AEgyptus
636 2974 892 3039 intolerabilibus
914 2975 1031 3038 afflicta
1056 2974 1169 3057 plagis,
1192 2992 1263 3053 quac
1288 2973 1405 3032 Eccle-

453 3074 533 3136 siam
549 3077 589 3138 de
601 3077 734 3159 antiqua
745 3090 777 3140 et
792 3080 877 3140 avita
892 3075 1132 3149 consuetudine,
1143 3084 1175 3133 et
1191 3072 1254 3131 sere
1269 3091 1326 3152 per
1341 3075 1404 3132 300

453 3193 554 3235 annos
569 3175 701 3236 obtenta
716 3175 901 3236 vindicabat
915 3173 948 3233 iu
965 3171 1168 3233 servitutem?
1199 3170 1316 3231 Nonne
1332 3171 1404 3232 Ma-

453 3272 578 3335 chabaai
593 3283 745 3355 martyres
768 3293 825 3354 pro
846 3272 991 3332 libertate
1005 3270 1135 3334 fratrum
1150 3290 1277 3331 suorum
1293 3270 1403 3335 lauda·

452 3371 561 3433 biliter
583 3380 616 3433 et
642 3371 789 3452 religiose
812 3371 1030 3433 sanctissimas
1056 3369 1178 3433 animas
1204 3373 1401 3452 posueruut?

454 3472 560 3534 David
575 3471 721 3555 uunquid
743 3494 808 3536 nou
832 3473 941 3535 stravit
955 3473 1160 3556 Allophylum
1176 3474 1338 3556 lapidibus
1361 3476 1405 3538 de·
1504 3536 1506 3541 .

453 3584 589 3637 torrente
612 3576 771 3654 congestis
792 3577 825 3637 in
852 3596 961 3657 peram
987 3577 1187 3658 pastoralem,
1210 3587 1246 3638 ut
1270 3577 1403 3640 Domini

452 3676 651 3738 exercituum
677 3678 805 3757 agmina
830 3679 871 3740 ab
897 3678 1050 3742 indebitae
1076 3680 1234 3742 servitutis
1258 3680 1348 3763 jugo,
1371 3693 1403 3743 et

452 3777 615 3858 religionis
640 3781 811 3862 opprobrio
836 3779 1010 3844 liberaret?
1050 3781 1108 3844 sed
1137 3782 1216 3864 quid
1242 3803 1345 3863 pauca
1372 3796 1404 3846 et

453 3899 551 3962 parva
584 3894 807 3964 proponuntur
835 3883 1007 3967 exempla?
1046 3885 1202 3967 scriptura
1229 3885 1295 3946 fere
1324 3896 1402 3963 tota,

452 4001 524 4064 quae
539 3982 573 4043 in
587 3982 727 4045 historiis
742 3983 866 4064 digesta
881 3994 940 4061 est,
951 3985 1066 4048 talibus
1082 3986 1214 4047 virorum
1230 3986 1401 4048 illustrium

451 4083 564 4146 referta
579 4092 628 4145 est
642 4083 856 4148 monimentis.

495 4184 578 4245 Duae
606 4195 711 4247 autem
738 4206 844 4247 causae
871 4196 945 4248 sunt
971 4207 1050 4269 quas
1075 4186 1222 4250 homines
1248 4191 1402 4252 affectuo-

451 4286 573 4349 sissime
597 4299 733 4363 tuentur,
756 4297 788 4348 et
811 4278 888 4370 quas
911 4300 1100 4369 praeponunt
1125 4290 1292 4353 animabus
1316 4293 1399 4367 suis3

452 4391 549 4468 altera
563 4388 732 4465 libertatis,
751 4390 850 4466 altera
862 4388 936 4452 fidei
952 4401 983 4452 ct
997 4389 1169 4470 religionis..
1217 4393 1279 4456 Illa
1294 4403 1403 4466 tamen
