3384 5525
368 776 480 850 lira]
751 791 931 839 Errsrocm.
1257 779 1320 840 2⁶25

365 941 456 1024 solet)
482 938 756 1006 christianitatem
778 966 868 1006 suam
890 943 1030 1007 obsidem
1058 943 1172 1008 dabat:
1205 946 1318 1009 deinde

364 1055 520 1129 patruum
540 1065 633 1106 suum
650 1066 754 1126 regem
773 1043 1077 1130 Hierosolymorum,
1092 1060 1124 1109 et
1139 1069 1246 1109 omnes
1261 1052 1319 1132 qui

363 1150 579 1209 convenerant
599 1144 812 1209 constituebat
829 1145 1040 1231 fidejussores,
1055 1148 1143 1233 quod
1159 1171 1199 1211 ex
1214 1152 1320 1212 animo

364 1247 397 1310 in
412 1245 478 1309 lide
493 1258 525 1309 et
541 1245 721 1310 sinceritate
739 1250 893 1311 Cantuar.
909 1246 1143 1333 archiepiscopo
1158 1250 1320 1313 remiserat

365 1370 476 1411 omnes
491 1347 647 1433 querelas,
663 1360 695 1410 et
710 1347 800 1422 iram,
816 1358 849 1411 et
871 1347 966 1410 animi
987 1370 1159 1428 rancorem,
1173 1364 1204 1414 et
1220 1351 1320 1413 omui-

366 1449 428 1515 bus
450 1448 528 1526 suis,
554 1461 665 1533 petens
691 1461 728 1511 ut
753 1448 904 1524 redirent,
928 1472 985 1512 sua
1006 1450 1112 1512 omnia
1134 1450 1165 1514 in
1189 1474 1266 1536 pace
1289 1466 1321 1515 et

368 1550 539 1614 securitate
561 1549 738 1634 recepturi:
762 1571 820 1612 nec
842 1548 963 1635 aliquid
984 1549 1143 1632 exigebat,
1158 1552 1218 1615 nisi
1242 1567 1277 1616 ut
1293 1554 1322 1616 ei

369 1652 467 1716 faciat
497 1650 752 1737 archiepiscopus
785 1653 873 1735 quod
904 1652 971 1735 regi
1000 1651 1152 1717 debetur:
1191 1665 1221 1717 et
1251 1655 1321 1739 ipse

369 1752 508 1817 vicissim
538 1751 584 1813 illi
614 1750 701 1837 quod
728 1773 783 1813 rex
810 1750 905 1815 debet
934 1750 1179 1838 archiepiscopo.
1232 1754 1323 1818 Misit

369 1866 479 1919 autem
494 1853 641 1918 abbatem
666 1853 798 1918 Cisterc.
821 1863 853 1915 et
876 1854 1003 1915 fratrem
1028 1853 1221 1917 Gaufridum
1247 1854 1324 1917 Ful-

369 1955 469 2019 eherii
484 1954 678 2039 Magistrum
703 1953 843 2040 Templi,
858 1965 890 2017 et
913 1954 1105 2019 Gaufridum
1122 1955 1324 2020 Autissiodo-

369 2079 493 2120 rensem
516 2057 666 2132 Senonas,
684 2067 719 2119 ut
732 2057 899 2140 praefatum
918 2057 1071 2121 Cautuar.
1081 2055 1121 2118 ad
1134 2056 1237 2142 ipsum
1251 2079 1322 2120 cum

370 2160 521 2245 episcopo
553 2158 696 2242 Sagiensi
725 2157 756 2218 in
782 2156 851 2220 lraec
878 2157 975 2220 verba
1004 2156 1209 2221 adducerent.
1262 2158 1323 2221 Sed

372 2258 690 2346 quumfidemeorum
703 2256 1324 2342 sequutusarchiepiscopusPontisaram

373 2361 522 2437 venisset,
552 2358 757 2423 denunciavit
786 2357 814 2420 ei
843 2356 991 2421 dominus
1026 2360 1257 2443 Rothomagen.
1290 2383 1327 2423 ne

375 2461 571 2550 procederet,
589 2464 665 2546 quia
680 2482 735 2522 rex
751 2473 819 2523 erat
840 2460 873 2521 in
891 2459 1042 2544 Angliam
1060 2461 1252 2524 transiturus
1267 2463 1327 2525 snb

373 2563 461 2628 omni
476 2561 636 2626 celeritate
650 2583 728 2648 pace
747 2560 877 2625 infecta.
925 2560 1100 2647 Receperat
1122 2575 1230 2626 autem
1246 2562 1329 2628 duos

375 2666 416 2730 de
437 2665 562 2729 nunciis
581 2686 636 2728 sus
656 2663 845 2747 magistrum
869 2662 1042 2727 Ricardum
1069 2665 1166 2726 Barre
1189 2678 1221 2727 et
1245 2665 1330 2727 Lan-

376 2768 490 2832 daven.
514 2766 647 2843 archid,
662 2768 695 2829 in
718 2789 856 2851 quorum
877 2765 983 2829 reditu
1006 2789 1069 2851 pax
1093 2766 1248 2851 impedita
1269 2779 1329 2843 est,

377 2869 609 2933 machinatione
625 2871 673 2948 (ut
688 2871 789 2948 aiunt)
806 2867 958 2932 Gaufridi
974 2870 1126 2933 Cantuar.
1142 2869 1262 2931 archid.
1278 2871 1331 2932 cui

377 2975 469 3035 Deus
483 2968 678 3056 quandoque
693 2968 897 3052 respondebit
912 2968 952 3032 ad
968 2967 1089 3032 merita.

422 3070 641 3134 Jactitabatur
657 3081 733 3131 tunc
749 3071 833 3152 regis
854 3067 985 3131 nuncios
1005 3067 1234 3132 absolutionem
1251 3071 1332 3157 epis-

380 3173 452 3260 copi
476 3170 581 3238 Lond.
604 3183 635 3235 et
659 3170 799 3233 omniurn
824 3169 958 3232 aliorum
981 3169 1166 3246 obtinuisse,
1190 3185 1221 3236 et
1245 3174 1333 3256 quod

379 3275 616 3360 archiepiscopo
631 3274 793 3338 subtracta
813 3286 880 3336 erat
903 3283 1042 3358 potestas
1062 3270 1333 3340 animadvertendi

381 3381 414 3442 in
440 3399 546 3460 regem
571 3389 603 3441 et
629 3390 745 3441 terram
772 3398 861 3438 suam
889 3375 953 3438 sive
979 3375 1067 3461 regni
1093 3398 1252 3462 personas,
1278 3379 1332 3442 sed

382 3476 546 3543 mendacia
562 3476 646 3540 illico
661 3476 786 3541 detecta
806 3488 892 3553 sunt,
909 3466 1206 3560 supervenientibus
1219 3477 1333 3543 litteris

382 3581 502 3646 domini
514 3603 607 3667 papae
622 3579 716 3643 etiam
733 3591 902 3664 antequam
919 3579 1102 3643 Londonen.
1114 3579 1279 3664 episcopus
1293 3580 1335 3644 ad

382 3681 503 3746 curiam
518 3681 578 3744 iter
598 3679 773 3763 arriperet:
799 3676 852 3760 qui
870 3675 1083 3759 proculdubio
1102 3674 1202 3746 labori
1223 3698 1335 3762 peper-

384 3784 475 3847 cisset
493 3794 525 3845 et
542 3779 734 3865 sumptibus,
752 3777 777 3840 si
794 3781 846 3857 (ut
868 3775 997 3860 quidam
1021 3776 1145 3840 mentiti
1167 3781 1252 3858 suut)
1269 3778 1335 3841 sine

386 3897 476 3949 tanta
502 3881 689 3947 difficultate
715 3878 835 3943 absolvi
863 3877 1029 3964 potuisset.
1080 3878 1181 3941 Fama
1205 3879 1337 3942 celebris

384 3986 540 4071 estquod
563 3994 756 4047 memoratus
779 3982 931 4044 Cantuar.
948 3979 1067 4043 archid.
1090 3979 1157 4065 regi
1179 3982 1337 4065 persuasit

384 4089 416 4151 in
448 4085 600 4171 Angliam
630 4084 836 4149 transfretare
870 4096 906 4146 ut
935 4083 1099 4168 episcopos
1127 4095 1275 4168 torqueat
1305 4095 1338 4147 et-

385 4190 517 4268 clerum,
531 4188 586 4274 qui
598 4197 708 4251 contra
729 4184 892 4250 dominum
909 4207 1024 4269 papam
1047 4198 1078 4249 et
1102 4196 1234 4248 matrem
1250 4206 1336 4247 suam

389 4294 484 4355 Cant.
499 4289 660 4354 ecclesiam
677 4289 788 4374 jurare
804 4286 974 4352 noluerint.
1020 4285 1171 4372 Undique
1187 4296 1291 4349 metus
1305 4296 1338 4347 et

389 4393 547 4479 angustiae
580 4391 736 4476 undique,
765 4388 950 4453 necessitate
979 4387 1179 4453 vitandorum
1211 4383 1339 4449 inflicta.
1427 4427 1430 4433 -

430 4515 500 4560 von.
517 4515 553 4558 11.
855 4510 876 4559 Q
