3384 5525
459 739 522 799 296
636 757 771 801 JOANNIS
788 757 1066 803 SARESBERIENSIS
1083 756 1262 802 EPISTOLAE.

462 992 683 1056 EPISTOLA
707 994 1114 1058 CCCXXVll.-t1ranra
1135 1015 1272 1057 maurus
1293 1014 1415 1057 erano-

505 1111 619 1155 TENSIS
639 1113 797 1172 EPISCOPI,
821 1114 864 1157 DE
889 1114 1140 1160 SATISFACTIONE
1166 1115 1266 1160 FACTA
1288 1114 1413 1159 Menas·

506 1210 608 1255 TERIO
625 1213 651 1256 S.
668 1212 863 1257 truncatam
880 1214 1069 1274 BLESENSIS,
1081 1215 1144 1259 PRO
1161 1215 1288 1259 lLLA'l‘lS
1304 1214 1412 1257 EIDEM

508 1311 634 1356 DAMNIS
650 1312 692 1357 ET
702 1313 848 1358 tutunus
858 1315 878 1356 Α
887 1313 1013 1359 totana
1025 1311 1151 1356 comta
1164 1309 1413 1355 VINDOCINENSI.

504 1396 550 1471 [A.
563 1415 594 1457 1).
614 1397 724 1476 nau]

459 1585 615 1662 Joennee,
641 1589 755 1651 divina
785 1590 974 1669 dignatione
1002 1592 1032 1648 et
1062 1586 1182 1648 meritis
1212 1584 1248 1646 S.
1280 1581 1413 1644 Ttonrae

504 1694 671 1771 martyria,
698 1692 906 1754 Cometeneie
935 1689 1070 1751 ecelesia
1096 1687 1243 1747 mini-ster
1271 1684 1412 1754 homilia,

505 1791 652 1853 omnibus
675 1793 719 1852 od
738 1811 817 1871 quoe
836 1795 1009 1871 presentes
1031 1788 1130 1849 litere
1150 1786 1357 1866 pervenerint
1379 1782 1413 1844 in

503 1891 644 1954 Domino
658 1894 805 1954 salutem.

506 2020 692 2088 Novarums
714 2021 870 2086 illustrem
894 2021 996 2085 virum
1019 2021 1175 2085 Joannem
1197 2017 1414 2082 Vindocinen·

460 2145 526 2188 sem
543 2146 562 2186 a
576 2123 666 2187 nobis
678 2124 835 2187 sententia
850 2122 1195 2197 excommunicationis,
1208 2143 1305 2207 quam
1317 2119 1414 2184 etiam

461 2224 608 2288 dominus
632 2247 714 2310 papa
741 2225 924 2290 Alexander
950 2226 1013 2292 lll.
1041 2225 1293 2299 confirmaverat,
1319 2221 1414 2285 fuisse

461 2326 581 2392 diutius
603 2328 789 2392 innodatum
813 2340 943 2415 propter
964 2329 1116 2415 quasdam
1140 2327 1264 2413 iniquas
1285 2347 1417 2389 consue-

463 2433 602 2512 tudines,
618 2455 698 2518 quas
711 2432 744 2496 in
761 2433 843 2497 villis
861 2432 970 2498 Sancti
987 2431 1181 2496 Launomari
1198 2429 1366 2506 Blesensis,
1383 2427 1415 2492 in

463 2558 546 2622 pago
567 2532 795 2599 Vindocinensi
818 2535 1006 2616 constitutis,
1021 2546 1131 2598 contra
1147 2532 1304 2618 justitiam
1327 2554 1417 2595 usur-

462 2638 568 2724 pabat.
614 2636 807 2702 Vindieabat
830 2638 916 2701 enim
939 2639 972 2701 in
995 2637 1056 2702 illis
1072 2636 1131 2701 sibi
1150 2637 1203 2720 jus
1224 2634 1415 2720 hospitandi,

462 2740 595 2817 talliam,
621 2740 816 2826 corvagium,
838 2741 1039 2827 avenagium,
1062 2739 1219 2825 justitiam
1242 2737 1361 2803 cruoris
1382 2747 1416 2801 et

461 2844 608 2909 latronis:
640 2844 755 2930 quibus
771 2844 920 2909 omnibus
937 2843 1192 2929 Hierosolymam
1216 2842 1414 2927 profecturus

461 2968 567 3012 coram
594 2946 686 3010 nobis
707 2958 741 3011 et
763 2947 872 3011 multis
898 2944 1132 3011 venerabilibus
1154 2943 1234 3009 veris
1257 2943 1360 3009 Blesis
1381 2943 1415 3005 iu

462 3058 653 3136 perpetuum
670 3049 878 3125 renunciavit,
895 3059 930 3113 ut
949 3071 969 3112 a
982 3047 1109 3112 vinculo
1126 3045 1336 3110 anathematis
1351 3067 1415 3131 quo

459 3151 630 3215 tenebatur
644 3165 821 3216 mereretur
835 3151 964 3217 absolvi.
1011 3148 1185 3214 Constituit
1199 3148 1296 3212 etiam
1312 3158 1345 3211 et
1358 3169 1416 3212 au·

461 3251 603 3316 theutica
625 3252 825 3317 confirmavit
846 3252 943 3338 quod,
958 3249 983 3314 si
1006 3250 1076 3336 quis
1091 3248 1256 3312 haeredum
1280 3247 1330 3313 vel
1344 3269 1415 3311 sue-

462 3372 620 3416 cessorum
633 3373 760 3416 suorum
777 3352 948 3417 monachos
959 3363 1015 3415 aut
1029 3349 1174 3414 homines
1187 3348 1273 3412 beati
1285 3347 1416 3411 Launo-

461 3451 542 3517 mari
569 3451 737 3516 molestare
764 3453 814 3516 vel
843 3453 1022 3540 inquietare
1049 3450 1294 3537 praesumpserit,
1318 3470 1415 3533 super

461 3551 624 3618 exactione
654 3552 879 3637 praedictorum
909 3555 1073 3639 sexaginta
1101 3575 1221 3619 mareas
1246 3561 1414 3635 argenteas

460 3654 554 3720 dictis
564 3654 727 3719 monachis
735 3656 914 3741 persolvere
923 3679 980 3742 per
991 3655 1235 3720 ecclesiasticam
1247 3674 1414 3718 censuram

463 3755 682 3841 compellatur.
725 3761 771 3822 Et
786 3779 827 3820 ne
842 3756 881 3822 lis
895 3758 928 3820 iu
944 3757 1028 3821 hunc
1043 3756 1175 3820 modum
1191 3754 1292 3840 sopita
1306 3753 1356 3818 vel
1372 3753 1414 3816 ab

460 3857 528 3943 ipso
543 3855 594 3920 vel
609 3856 650 3919 ab
674 3856 855 3923 haeredibus
870 3861 940 3946 ejus
957 3858 1054 3944 possit
1071 3856 1185 3921 iterato
1204 3854 1358 3935 suscitari,
1372 3854 1415 3917 ad

463 3977 574 4042 preces
599 3954 697 4040 ipsius
723 3957 858 4021 formam
885 3958 971 4043 pacis
995 3957 1084 4021 initae
1114 3956 1263 4042 praesenti
1288 3955 1415 4041 paginae

460 4059 717 4123 commendatam
733 4059 827 4143 sigilli
846 4059 1024 4125 munimine
1040 4059 1166 4124 decrevi
1190 4057 1412 4123 roborandam.

459 4163 579 4227 Actum
596 4159 707 4241 Blesis,
723 4182 807 4225 anno
822 4162 921 4227 Verbi
938 4161 1097 4229 lucamati
1116 4168 1207 4228 1180.
