3384 5525
277 772 388 850 nra]
660 788 838 836 nrrsronn.
1161 780 1223 839 285

273 962 384 1005 census
399 952 446 1003 est
461 939 492 1001 in
509 937 603 1003 corde
619 940 699 1025 ejus,
714 961 843 1002 manum
859 960 949 1002 suam
965 939 1099 1005 libenter
1121 946 1223 1027 aperit

274 1041 371 1127 inopi,
386 1040 612 1105 liberalitatem·
629 1040 806 1124 gaudenter
826 1052 962 1119 exercet,
977 1053 1009 1105 et
1031 1044 1224 1107 exteriorum

273 1142 516 1207 sollicitudinem
534 1141 737 1205 laudabiliter
752 1140 962 1205 administrat.
1007 1142 1094 1219 Quid
1108 1143 1226 1208 mirum

274 1268 350 1329 ergo
366 1244 437 1308 siin
456 1255 579 1308 tanturn
592 1255 624 1308 et
640 1243 734 1307 talem
748 1246 851 1307 virum
867 1244 1005 1307 universi
1021 1244 1227 1309 libentissime

275 1360 502 1423 convenerunt,
528 1349 585 1432 qui
611 1346 706 1409 etiam
737 1345 908 1431 rapiendus
937 1347 1054 1425 fuerat,
1080 1347 1106 1411 si
1135 1347 1227 1412 aliter

275 1450 385 1515 haberi
400 1472 462 1513 non
478 1452 610 1535 posset?
648 1449 755 1526 Quum
778 1472 855 1533 ergo
876 1449 975 1513 libere
997 1462 1028 1514 et
1052 1450 1228 1515 secundum

275 1553 505 1618 institutionem
529 1575 688 1616 sacrorum
711 1575 867 1616 canonum
887 1552 999 1616 fuisset
1021 1552 1134 1618 electio
1156 1554 1227 1639 ejus

275 1656 443 1729 celebrata,
461 1656 569 1738 regius
594 1656 644 1737 (ut
660 1677 728 1717 mos
742 1654 804 1735 est)
828 1655 958 1718 accessit
980 1647 1141 1719 assensus:
1172 1653 1227 1717 eli·

275 1770 386 1840 gentes
401 1775 618 1843 prosequutus
629 1768 676 1820 est
692 1754 804 1840 plenus
816 1754 924 1817 favore
936 1755 1063 1835 clamor,
1075 1769 1107 1820 et
1118 1754 1228 1819 debita

277 1858 372 1922 laude
395 1858 458 1921 Dei
475 1870 542 1922 tota
557 1860 652 1944 caepit
674 1856 804 1921 ecclesia
826 1856 989 1921 resultare.
1035 1857 1091 1919 Ad
1113 1868 1229 1921 metro·

277 1961 451 2046 politanam
475 1958 580 2023 sedem
597 1982 669 2023 cum
686 1959 786 2024 electo
808 1958 1013 2044 provinciales
1034 1960 1175 2045 episcopi
1196 1970 1229 2023 et

277 2063 409 2127 aliarum
433 2062 635 2126 ecclesiarum
659 2061 749 2125 electi
772 2061 891 2147 pariter
913 2074 1131 2134 accesserunt;
1170 2084 1230 2147 pro

276 2165 341 2228 ritu
363 2166 469 2248 gentis
490 2179 522 2229 et
545 2164 701 2249 majorum
728 2162 957 2228 consuetudine
979 2162 1160 2227 solemniter
1181 2166 1229 2229 in-

278 2266 477 2330 thronizatus
499 2281 556 2329 est.
603 2267 706 2329 Grata
728 2266 808 2343 Deo,
824 2277 856 2327 et
879 2263 920 2327 ab
942 2263 1125 2328 hominibus
1147 2263 1230 2327 desi·

277 2367 388 2432 derata
416 2368 517 2453 ipsius
545 2368 686 2431 instabat
715 2363 920 2435 consecratio,
950 2387 1051 2450 quum
1082 2387 1153 2428 ecce
1188 2385 1230 2429 ex

280 2470 452 2557 improviso
478 2470 594 2535 litterae
621 2468 704 2554 regis
725 2466 863 2554 junioris
888 2488 1001 2530 nomen
1027 2469 1231 2550 praeferentes

281 2574 412 2657 prolatae
430 2586 516 2650 sunt,
531 2573 649 2658 quibus
664 2569 900 2656 protestabatur
923 2592 954 2631 se
976 2567 1152 2654 appellasse
1174 2568 1230 2631 ad·

280 2697 387 2738 versus
402 2674 569 2737 electiones
592 2697 664 2758 qnae
680 2693 772 2735 suum
797 2692 858 2733 non
882 2669 1036 2734 haberent
1059 2690 1230 2734 assensum.

280 2777 414 2841 Litterae
430 2776 558 2862 quidem
572 2799 612 2838 ex
624 2773 719 2838 variis
735 2776 838 2838 causis
853 2786 883 2838 et
900 2771 1118 2859 probabilibus
1133 2771 1233 2855 signis

279 2878 495 2961 arguebantur
517 2888 682 2960 suspectae,
698 2874 807 2959 eisque
822 2873 916 2936 fidem
942 2895 1004 2935 non
1027 2895 1093 2935 esse
1115 2871 1233 2935 haben-

281 2978 356 3040 dam
380 2989 449 3040 erat
472 2977 625 3040 sententia
646 2974 870 3061 plurimorum,
891 2976 1066 3060 praesertim
1088 2972 1121 3035 in
1144 2984 1234 3037 tanto

279 3078 469 3157 discrimine,
487 3078 540 3140 ubi
556 3079 685 3141 libertas
701 3077 805 3163 potuit
820 3075 991 3162 periclitari
1008 3088 1039 3139 et
1055 3075 1232 3139 animarum

280 3187 375 3260 salus,
390 3193 422 3244 et
437 3180 574 3245 ecelesiae
590 3181 738 3266 protelari
753 3181 919 3261 desolatio,
933 3192 964 3244 et
981 3202 1085 3243 rerum
1104 3179 1233 3263 jactura

280 3281 502 3368 irreparabilis.
563 3283 683 3345 Causas
712 3305 896 3347 enumerare
925 3281 1056 3366 longum
1090 3293 1149 3361 est,
1179 3279 1235 3345 sed

281 3385 394 3469 utique
422 3407 480 3470 pro
504 3408 577 3470 rege
602 3385 658 3448 illo
684 3387 834 3471 praesumi
861 3385 1026 3465 debuerat,
1048 3384 1136 3469 quod
1162 3407 1235 3447 curn

282 3486 422 3573 periculo
439 3511 496 3551 suo
511 3501 543 3551 et
557 3489 722 3572 temporali
735 3488 923 3554 aemulorum
937 3487 1126 3573 compendio
1138 3487 1236 3553 nollet

282 3589 440 3652 ecclesiam
458 3589 580 3653 diutius
595 3590 758 3674 captivari.
804 3590 864 3652 Sed
883 3589 956 3653 licet
972 3588 1106 3674 pralatae
1121 3589 1236 3654 litterae

282 3691 525 3776 sapientioribus
553 3713 614 3752 non
641 3693 746 3771 magni
770 3690 953 3755 viderentur
979 3715 1045 3754 esse
1074 3692 1238 3790 momenti,

282 3794 322 3856 de
345 3792 524 3857 humilitate
547 3804 650 3854 tamen
675 3804 706 3854 et
730 3790 899 3855 devotione
921 3793 1021 3877 ipsius
1044 3793 1134 3856 electi
1162 3817 1236 3879 pro·

282 3895 386 3972 cessit,
401 3911 432 3960 et
446 3894 487 3956 de
502 3893 655 3956 fidelitate
672 3915 767 3977 quarn
784 3905 891 3978 patres
906 3907 937 3957 et
956 3895 1091 3979 majores
1113 3909 1238 3962 nostros

283 3998 324 4061 ad
341 3997 502 4060 ecclesiam
521 3997 696 4059 Romanam
714 4019 836 4082 semper
853 3995 999 4060 babuisse
1015 3996 1191 4076 recolimus
1206 4011 1238 4063 et

285 4099 325 4161 de
342 4120 513 4184 paucorum
531 4097 662 4161 consilio
680 4111 714 4162 ut
731 4121 788 4183 pro
804 4098 980 4162 reverentia
995 4097 1129 4160 nominis
1141 4102 1238 4163 vestri

284 4201 476 4262 consecratio
492 4197 683 4261 differretur.
732 4200 900 4280 Speramus
919 4197 1001 4259 enim
1018 4195 1237 4259 indubitanter

287 4300 373 4386 quod
406 4311 495 4363 tanto
524 4299 673 4383 majorem
705 4297 841 4361 inveniet
872 4299 904 4359 in
934 4296 1033 4359 oculis
1062 4294 1237 4360 clementiae

286 4420 399 4466 vestrae
425 4400 594 4465 necessitas
624 4399 762 4464 ecclesiae
794 4412 909 4463 nostrae
940 4396 1087 4481 gratiam,
1114 4413 1239 4479 quanto
