3384 5525
488 783 532 840 52
749 794 888 838 Joaums
902 792 1180 838 sanasnaamnsrs
1346 771 1392 850 [r.
1413 788 1445 833 o.

489 969 554 1011 non
577 946 759 1031 proficiunt,
773 958 807 1011 et
820 947 1003 1010 tenacitatis
1018 944 1260 1010 conservatione
1277 963 1344 1005 non
1360 962 1447 1006 cres·

490 1060 578 1125 cunt,
593 1061 625 1111 et
646 1048 828 1129 erogatione
852 1048 901 1111 sui
922 1068 989 1110 non
1011 1047 1207 1124 minuuntur,
1229 1043 1287 1109 sed
1310 1043 1450 1126 amplius

492 1172 557 1235 quo
570 1150 673 1232 magis
686 1150 801 1213 suerint
816 1149 980 1232 publicata
994 1150 1186 1212 clarescunt

531 1467 751 1538 EPISTOLA
774 1470 967 1536 CCX-an
980 1486 1162 1536 nsnurcurt
1179 1492 1395 1542 aarocnusarr

733 1592 931 1636 amscoaon.
979 1573 1202 1666 [Δ.ρ.1167.]

490 1721 652 1805 Episcopo
667 1720 842 1782 Boios-ensi
857 1717 1004 1781 Hearico
1019 1718 1164 1780 Joauaes
1180 1716 1443 1784 saresberiensis.

532 1867 653 1941 Aumo,
674 1874 776 1945 pater,
798 1873 830 1925 et
858 1862 994 1944 gaudeo,
1017 1861 1103 1946 quod
1130 1884 1189 1946 pro
1214 1864 1329 1928 merito
1351 1866 1444 1928 vobis

488 1968 638 2029 universa
663 1964 859 2028 succedunt:
894 1975 927 2027 et
952 1965 1008 2049 qui
1035 1966 1241 2028 Decanorum
1267 1988 1382 2053 nomen
1411 1978 1443 2031 et

490 2066 646 2137 ordinem,
680 2065 756 2127 dum
793 2064 897 2140 licuit,
925 2065 1116 2143 honorastis,
1144 2087 1231 2129 nunc
1268 2078 1442 2131 vestrarum

487 2166 659 2251 splendore
675 2167 823 2229 virtutum
837 2166 870 2228 in
885 2176 968 2230 terra
980 2168 1086 2230 aliena
1097 2188 1199 2250 nsque
1215 2167 1255 2231 ad
1272 2170 1443 2233 multorum

486 2268 639 2332 invidiam
653 2267 816 2351 pontificis
831 2268 996 2330 illustratis
1011 2269 1163 2331 officium.
1201 2268 1295 2344 Quod
1310 2269 1440 2354 quidem

485 2380 575 2433 tanto
597 2369 755 2433 salubrius
770 2368 810 2432 ad
835 2369 1078 2445 conscientiam,
1099 2377 1189 2432 tanto
1204 2369 1372 2452 gloriosius
1394 2383 1444 2434 est

487 2467 526 2532 nd
542 2465 682 2545 famam3
709 2478 830 2553 quanto
845 2468 943 2531 rarior
957 2468 1116 2532 invenitur
1130 2470 1235 2532 ovium
1251 2483 1370 2552 pastor,
1386 2483 1440 2535 aut

487 2570 591 2653 quiin
613 2570 764 2632 Ecclesia
786 2569 850 2631 Dei
865 2567 1075 2631 ministerium
1091 2590 1183 2633 suum
1199 2570 1326 2634 studeat
1340 2572 1441 2636 hono-

486 2690 567 2748 rare,
578 2671 612 2734 in
627 2680 715 2733 tanto
731 2668 815 2732 fastu
830 2678 862 2732 et
876 2690 1009 2732 numero
1020 2670 1151 2733 nomine
1168 2679 1259 2734 lenus
1270 2670 1441 2735 illustrium

486 2770 697 2836 sacerdotum.
735 2773 757 2835 J
759 2793 809 2834 am
825 2770 922 2846 enim,
938 2782 973 2834 ut
988 2771 1079 2835 Deus
1094 2772 1219 2856 pridem
1235 2773 1269 2835 in
1285 2774 1441 2856 propheta

486 2884 681 2958 conquestus
709 2884 767 2950 est,
798 2871 989 2936 Sacerdotes
1019 2894 1082 2936 nou
1113 2873 1282 2952 dixerunt,
1305 2874 1363 2937 ubi
1393 2885 1441 2937 est

485 2971 669 3040 Dominus?
697 2985 728 3039 el
752 2983 896 3038 tenentes
917 2976 1026 3055 huam,
1043 2977 1217 3054 justiliam
1244 2979 1438 3040 cecderunt.

486 3076 583 3140 Unde
599 3087 632 3139 et
639 3076 763 3158 justum
779 3084 828 3138 cst
842 3085 878 3137 ut
898 3075 1073 3138 eminentia
1086 3084 1191 3138 vestra
1212 3076 1386 3140 honoretur
1408 3089 1441 3140 et

484 3175 633 3256 diligatur
655 3177 750 3238 etiarn
765 3177 806 3238 ab
828 3175 881 3237 his
897 3176 952 3256 qui
968 3175 1172 3257 exigentibus
1186 3177 1307 3240 meritis
1321 3177 1440 3242 nostris

483 3275 695 3340 sacerdotium
717 3295 860 3359 praesens
875 3274 1020 3339 videntur
1042 3278 1158 3341 habere
1181 3280 1390 3363 contemptui,
1407 3290 1439 3344 et

483 3380 587 3458 legem
605 3376 677 3454 Dei,
695 3398 766 3459 quae
785 3376 866 3439 solvi
887 3397 953 3438 non
976 3386 1095 3459 potest,
1111 3400 1262 3443 evacuare
1285 3381 1439 3444 nituntur.

485 3480 577 3542 Licet
602 3477 687 3541 enim
713 3478 859 3562 AEgyptii
885 3489 1029 3561 pastores
1048 3481 1154 3545 ovium
1177 3481 1386 3560 detestentur,
1408 3494 1441 3546 et

485 3579 676 3645 Samaritani
701 3580 853 3663 temporis
883 3581 982 3643 nostri
1008 3602 1073 3644 non
1104 3592 1274 3647 coutantur
1302 3584 1354 3649 his
1384 3585 1439 3669 qui

483 3684 613 3745 verbum
639 3681 703 3745 Dei
725 3682 856 3763 publice
884 3681 1097 3745 confitentur:
1129 3692 1236 3746 tamen
1263 3694 1295 3748 et
1315 3685 1438 3768 Joseph

482 3784 603 3848 invenit
627 3784 761 3864 gratiam
784 3784 818 3845 in
842 3786 995 3867 AEgypto,
1010 3793 1042 3847 et
1065 3784 1151 3867 apud
1171 3786 1304 3869 Asyrios
1326 3787 1439 3850 claruit

482 3883 611 3960 Daniel,
640 3894 673 3946 et
704 3883 911 3966 prerogativa
939 3884 1121 3946 meritorum
1155 3885 1250 3948 etiam
1284 3896 1437 3968 regnante

483 3983 595 4047 Achab
612 3982 743 4045 Heliam
757 3983 834 4045 fecit
849 3982 1015 4064 insignem.
1062 3985 1137 4047 Non
1153 3997 1202 4049 est
1217 4007 1293 4070 ergo
1311 3987 1438 4064 mirum,

481 4085 508 4148 si
521 4082 608 4168 apud
623 4084 801 4168 principem
814 4083 1033 4148 Christianum
1046 4098 1078 4149 et
1089 4087 1253 4152 Officiales
1265 4088 1333 4172 ejus
1344 4111 1436 4153 suum

481 4187 580 4249 virtus
591 4185 707 4268 reperit
716 4185 834 4264 locum,
846 4194 880 4247 et
895 4184 922 4246 si
935 4184 1077 4267 diligitur
1091 4189 1133 4250 ab
1145 4188 1327 4252 hominibus
1342 4211 1435 4275 quem

482 4289 604 4352 Divina
618 4286 719 4369 gratia
740 4297 867 4351 constat
881 4308 951 4350 esse
971 4288 1157 4370 perfusum3
1183 4291 1267 4354 sicut
1290 4295 1436 4372 unguen·

479 4404 580 4455 tuma
596 4390 699 4474 capite
715 4388 843 4453 Christo
858 4389 891 4451 in
916 4391 1061 4453 ecclesia
1085 4389 1223 4455 defluxit
1246 4393 1389 4471 barbam,
1404 4403 1435 4455 et
