3384 5525
456 790 519 850 280
720 802 856 847 Jouums
872 801 1146 846 sanasaunraums
1311 779 1357 860 [a.
1378 802 1410 844 n·

456 974 566 1016 camus
578 952 685 1039 itaque
698 952 881 1038 paternitati
893 961 1005 1016 vestrae
1022 950 1171 1037 quatinus
1182 972 1257 1014 eum
1269 949 1412 1014 adbibita

455 1055 638 1120 maturitate
664 1055 842 1141 promoveri
867 1054 1000 1130 faciatis,
1023 1063 1059 1118 ut
1082 1065 1245 1138 promotus
1267 1052 1410 1117 ecclesiae

455 1158 657 1223 necessitates
676 1157 799 1222 facilius
814 1168 848 1221 et
863 1155 985 1221 felicius
1005 1156 1155 1241 expedire
1171 1166 1204 1219 et
1223 1176 1410 1241 promovere

455 1260 553 1345 possit
568 1259 729 1326 utilitates.
776 1259 902 1324 Valete.

498 1598 718 1671 EPISTOLA
742 1596 1139 1661 CCCXVII.-urosnau
1155 1616 1198 1658 an
1213 1616 1366 1659 neuneu.

820 1697 864 1776 [r.
882 1717 913 1759 n.
934 1697 1043 1777 rma]

535 1881 724 1945 Alexandro
739 1883 841 1963 Paper
857 1882 1116 1944 Bartholomaeus
1131 1880 1332 1943 Eretrienses

837 1984 1028 2064 Episcopus.

499 2118 665 2179 Msuems
691 2126 737 2178 est
764 2114 854 2197 vigor
876 2137 895 2177 a
916 2114 1031 2200 capite,
1046 2126 1076 2176 et
1101 2125 1243 2177 asaucta
1266 2115 1410 2180 Romana

454 2214 585 2278 ecclesia
610 2229 682 2300 post
712 2216 815 2278 Deum
843 2215 928 2278 salus
953 2227 1000 2278 est
1026 2213 1168 2278 omnium
1197 2216 1409 2281 ecclesiarum.

455 2316 584 2379 Domini
614 2315 790 2379 cardinales
818 2315 914 2399 legati
940 2316 1047 2391 vestri,
1071 2314 1220 2379 desolatis
1243 2316 1329 2401 apud
1352 2341 1409 2384 nos

454 2420 681 2503 compatientes
692 2417 840 2497 ecclesiis,
853 2416 997 2481 districta
1009 2415 1221 2501 praeceptione
1232 2418 1411 2502 jusserunt,

453 2532 489 2583 ut
507 2520 683 2605 postposita
705 2520 790 2582 omni
805 2517 969 2582 occasione
991 2531 1022 2582 et
1046 2539 1134 2580 mora
1156 2516 1216 2580 sibi
1235 2520 1408 2584 secundum

453 2624 559 2685 Deum
577 2635 683 2706 patres
698 2622 851 2705 eligerent
865 2636 896 2684 et
913 2634 1065 2707 pastores.
1107 2619 1220 2705 ltaque
1235 2620 1411 2685 Hereford-

453 2727 537 2789 ensis
560 2724 701 2798 ecclesia,
717 2744 793 2810 quoe
814 2722 937 2788 diutius
958 2723 1084 2788 luxerat
1105 2735 1137 2787 et
1152 2722 1318 2808 languerat
1338 2746 1410 2811 pas-

454 2839 523 2891 tore
548 2829 679 2912 proprio
710 2825 850 2902 viduata,
877 2826 946 2911 pari
973 2838 1059 2905 voto,
1086 2823 1226 2888 unanimi
1255 2847 1411 2891 consensu

452 2928 550 2994 libere
566 2942 596 2992 et
613 2927 787 2992 secundum
804 2929 952 2992 instituta
964 2949 1122 2990 sacrorum
1139 2948 1296 2989 canonum
1311 2927 1407 3018 elegit

452 3032 663 3095 venerabilem
694 3031 797 3094 virum
825 3034 866 3095 R.
892 3029 1012 3093 archid.
1044 3028 1238 3094 Oxeuel'ord.
1268 3029 1408 3094 ecclesiae

453 3157 520 3198 suae
542 3134 727 3198 canonicum
744 3147 808 3198 tam
832 3156 956 3197 morum
980 3155 1076 3220 quam
1100 3130 1276 3196 litterarum
1299 3133 1409 3196 bones-

452 3247 518 3299 tate
532 3236 749 3321 conspicuum,
764 3235 923 3299 natalibus
939 3235 1087 3308 nobilem,
1104 3233 1272 3298 habentem
1288 3235 1406 3298 utrius-

453 3358 515 3421 que
530 3336 614 3419 juris
635 3337 793 3420 peritiam,
810 3337 867 3421 qui
885 3336 994 3399 domui
1018 3359 1083 3400 sure
1101 3358 1236 3421 praeesse
1257 3340 1359 3413 novit,
1375 3350 1408 3401 et

452 3435 591 3500 ecclesiae
608 3437 668 3498 Dei
688 3436 932 3500 sollicitudiuem
954 3461 1073 3522 gerere,
1088 3440 1264 3522 gratiosum
1283 3450 1314 3501 et
1330 3438 1407 3502 boui

452 3536 624 3602 testimonii
640 3535 726 3621 apud
743 3558 863 3599 omnes.
907 3538 1066 3603 Electioui
1090 3539 1159 3625 ejus
1181 3538 1213 3601 in
1237 3540 1408 3624 praesentia

453 3652 561 3704 nostra
575 3650 607 3703 et
625 3638 761 3703 fratrum
777 3651 971 3719 nostrorum,
988 3643 1045 3728 qui
1065 3665 1173 3706 omnes
1192 3642 1326 3706 infacto
1345 3644 1409 3708 isto

452 3741 552 3805 laetati
575 3754 607 3804 et
625 3741 763 3806 roborati
787 3755 872 3819 suut,
888 3743 995 3829 regius
1017 3758 1064 3808 est
1087 3744 1182 3809 datus
1205 3766 1360 3825 assensus,
1375 3760 1408 3810 et

452 3843 593 3906 omnium
610 3843 665 3929 qui
680 3844 851 3909 audierunt
868 3846 957 3909 favor
972 3846 1111 3910 accessit.
1148 3845 1283 3910 Pietatis
1297 3846 1408 3932 itaque

453 3952 567 4006 vestrae
581 3943 716 4025 genibus
730 3944 891 4028 provoluti
908 3945 1123 4031 supplicamus
1145 3947 1310 4028 attentius,
1325 3971 1408 4033 qua-

451 4048 538 4110 tinus
560 4065 632 4106 eum
648 4043 771 4109 faciatis
793 4045 951 4112 maturius
973 4051 1150 4133 promoveri
1173 4049 1213 4111 ad
1237 4049 1409 4135 expedien-

453 4146 510 4210 das
530 4159 594 4210 tam
616 4169 682 4212 suae
697 4169 792 4233 quam
817 4147 952 4214 aliarum
976 4150 1177 4216 ecclesiarum
1195 4151 1408 4221 necessitates.

454 4249 572 4317 Valete.
