3384 5525
389 767 450 825 160
634 778 770 823 sonuum
786 776 1067 822 saansunamusis
1248 761 1293 841 [A.
1311 782 1340 824 n.

389 929 567 1016 pauperies,
582 951 656 992 sane
676 928 784 991 amicis
806 927 1025 1010 indigentibus
1046 928 1242 994 subveniunt
1265 954 1342 1017 pau-

389 1028 545 1114 periores:
570 1028 595 1090 si
620 1028 733 1091 vestris
755 1050 811 1089 vos
830 1028 1038 1092 onerantibus
1062 1029 1160 1092 vultis
1182 1053 1249 1094 esse
1271 1054 1342 1118 pro·

388 1143 543 1216 spectum,
558 1129 632 1194 date
647 1151 787 1215 operam,
798 1140 834 1191 ut
850 1128 895 1192 eis
912 1143 981 1213 post
998 1128 1065 1193 dies
1080 1142 1207 1196 vestros
1223 1134 1342 1197 amicus

387 1232 504 1318 aliquis
519 1244 706 1295 reservetur.
744 1230 889 1294 Ecclesia
904 1254 961 1317 per
976 1235 1110 1315 gratiam
1122 1234 1184 1296 Dei
1199 1234 1231 1297 in
1248 1248 1342 1321 portu

387 1334 537 1418 navigat:
576 1346 608 1398 et
637 1335 713 1397 satis
742 1332 909 1418 indiguum
939 1347 972 1398 et
1002 1334 1190 1420 probrosum
1221 1336 1280 1400 erit
1310 1337 1342 1399 in

388 1447 550 1521 posterum
567 1435 755 1510 meminisse,
772 1432 809 1510 si,
826 1432 990 1519 discipulis
1005 1436 1037 1497 in
1053 1435 1242 1519 remigando
1256 1436 1343 1500 labo-

386 1536 544 1615 rantibus,
559 1536 686 1620 navigio
702 1535 822 1601 Christi
839 1535 958 1599 nullam
977 1536 1114 1600 tuleritis
1129 1560 1232 1621 opem.
1271 1541 1342 1601 Hoc

387 1635 534 1712 dixerim,
551 1658 613 1698 non
636 1634 723 1721 quod
747 1638 818 1698 Deo
842 1646 922 1698 teste
945 1633 1034 1714 mihi,
1049 1634 1107 1719 qui
1129 1657 1187 1718 per
1211 1635 1341 1718 gratiam

387 1736 449 1801 Dei
473 1735 614 1813 abundo,
639 1758 778 1820 quaeram
802 1734 924 1821 aliquid
951 1735 1093 1819 erogari:
1126 1734 1180 1799 sed
1209 1748 1244 1799 ut
1271 1759 1343 1799 con·

387 1838 487 1902 sulam
515 1837 616 1915 vobis,
641 1849 672 1900 et
697 1837 834 1900 officium
862 1859 1010 1922 peragam
1042 1836 1160 1902 debitae
1190 1837 1341 1901 caritatis.

387 1943 468 2003 Haec
498 1937 633 2024 quilibet
663 1939 928 2025 interpretabitur
959 1951 995 2002 ut
1027 1938 1131 2014 volet;
1168 1940 1221 2003 sed
1256 1940 1343 2004 testis

388 2064 475 2105 meus
496 2041 530 2103 in
552 2040 633 2105 coelo
655 2054 714 2117 est,
730 2054 762 2105 et
785 2042 929 2105 conscius
952 2041 983 2104 in
1006 2042 1141 2105 excelso.
1188 2042 1298 2106 Valete
1313 2042 1344 2105 in

390 2143 539 2207 Domino.

385 2459 607 2523 EPISTOLA
628 2459 881 2524 comui-An
894 2475 1091 2521 uaersrauu
1104 2477 1340 2523 nanuuaenuu

616 2579 861 2623 Luxovmusuu.
895 2559 982 2639 [an.
1001 2560 1109 2639 1168]

528 2720 618 2783 Idem
633 2719 794 2803 Magistro
809 2719 986 2802 liudulpho
1003 2718 1201 2785 hanoniensi.

430 2857 520 2934 Quas
535 2853 652 2918 referre
667 2875 729 2916 nou
746 2876 889 2938 possum,
901 2876 958 2917 nec
972 2852 1115 2937 proferre
1131 2853 1268 2919 liberum
1285 2869 1341 2935 est,

385 2958 487 3022 habeo
502 2956 571 3034 tibi,
588 2956 688 3020 frater
702 2954 927 3032 amantissime,
936 2958 1070 3040 gratias:
1087 2968 1119 3020 et
1134 2979 1188 3021 eas
1204 2958 1341 3021 Domino

385 3061 579 3148 propitiante
595 3059 654 3124 tibi
670 3059 719 3121 vel
736 3058 800 3122 tuis
816 3058 986 3143 rependam
1004 3069 1146 3145 tempore
1162 3082 1229 3122 suo.
1268 3061 1340 3123 Non

384 3166 467 3226 enim
490 3162 655 3226 immemor
670 3185 752 3232 sum,
769 3173 800 3224 et
823 3159 986 3246 quondam
1010 3160 1098 3226 initae
1122 3161 1292 3240 societatis,
1308 3176 1340 3227 et

384 3264 564 3327 devotionis
586 3267 617 3326 iu
641 3263 800 3349 prosperis
821 3275 970 3349 acceptae,
987 3276 1019 3327 et
1039 3263 1268 3327 benedictionis
1288 3287 1341 3328 ex-

384 3363 495 3428 hibitae
519 3364 550 3426 iu
575 3364 725 3427 adversis.
770 3367 815 3427 Et
842 3364 971 3449 quidem
1004 3364 1255 3429 benedictionem
1282 3390 1341 3451 pro

384 3463 603 3527 benedictione
630 3463 688 3526 tibi
713 3463 801 3526 dabit
826 3464 1018 3544 Altissimus,
1042 3465 1093 3529 cui
1113 3465 1269 3529 familiare
1293 3479 1340 3531 est

385 3586 444 3650 pro
458 3566 562 3648 gratia
577 3587 635 3628 sua
649 3563 758 3648 largiri
770 3563 920 3648 gloriam:
944 3579 975 3630 et
991 3566 1165 3630 clementiae
1181 3590 1248 3631 suae
1259 3567 1341 3631 dona

384 3679 533 3752 reputare
549 3666 742 3730 merentibus
757 3666 797 3729 ad
813 3689 971 3732 coronam.
1018 3673 1090 3734 Nou
1107 3683 1153 3732 est
1169 3669 1269 3733 amice
1284 3668 1340 3755 qui

383 3767 474 3832 bonis
496 3767 565 3851 ejus
586 3768 736 3852 gratuitis
762 3791 825 3832 uon
854 3781 975 3834 utatur.
1022 3771 1217 3835 Abutuntur
1243 3793 1337 3856 quam

382 3869 511 3954 plurimi
535 3871 688 3954 praeventi
713 3895 731 3934 a
756 3875 872 3955 gratia,
900 3872 1132 3956 praeoedentem
1160 3885 1339 3958 sequuntur

383 3972 495 4037 multi:
520 3972 573 4035 sed
590 3973 759 4037 electorum
783 3973 926 4058 paucitas
946 3977 978 4039 iu
1001 3975 1091 4040 exitu
1113 3975 1230 4039 laboris
1254 3974 1337 4059 quod

383 4073 519 4137 fideliter
530 4073 667 4158 optavit,
680 4074 813 4139 feliciter
825 4075 1017 4161 assequitur,
1031 4089 1061 4140 et
1079 4076 1110 4139 in
1123 4076 1207 4139 calce
1219 4076 1339 4140 itineris

382 4188 560 4240 coronatur.
607 4175 672 4238 Soli
692 4179 775 4240 enim
799 4195 1036 4263 perseverantes
1057 4202 1158 4264 usque
1180 4178 1213 4242 in
1234 4179 1337 4257 finem,

383 4301 528 4364 supernae
543 4277 716 4342 vocationis
731 4279 876 4342 bravium
894 4280 1144 4366 apprehendent.
1192 4281 1246 4343 Tu
1264 4302 1338 4364 ergo

383 4378 615 4462 (dilectissime)
640 4402 806 4464 persevera
828 4381 859 4443 in
885 4381 1029 4465 eoquod
1053 4381 1197 4466 coepisti:
1229 4394 1261 4445 et
1285 4379 1338 4465 qui
