3384 5525
265 765 372 844 llos]
654 782 832 826 urrsrotrs.
1158 769 1215 828 121

260 937 465 1017 pontificem,
478 937 534 1019 qui
549 942 636 995 stare
651 956 750 996 uetans
765 945 810 998 est
823 956 884 1014 pro
899 937 1036 999 ecclesiae
1053 936 1220 999 libertate:

264 1037 320 1119 qui
346 1037 449 1116 legem
481 1036 543 1097 Dei
570 1033 794 1097 traditionibus
823 1036 972 1099 humanis
1001 1037 1111 1099 asserit
1139 1058 1219 1120 prae·

204 1194 207 1199 ,
266 1138 439 1201 serendam.
488 1136 630 1199 Nescitis

476 1242 538 1310 quid
550 1242 635 1313 pariat
645 1248 754 1293 ventura
765 1242 830 1307 dies,

265 1352 296 1405 et
311 1365 355 1405 ex
370 1342 484 1404 litteris
500 1340 623 1403 domini
646 1362 738 1422 papae
755 1341 938 1423 conjicietis
953 1342 987 1402 in
1003 1354 1121 1424 quanto
1137 1344 1221 1426 peri·

265 1447 339 1507 culo
370 1444 468 1527 positi
498 1443 572 1518 sint,
600 1463 680 1525 quos
710 1442 972 1525 archiepiscopus
1002 1446 1221 1507 excommuni-

266 1558 403 1622 caverat,
418 1555 450 1607 ct
465 1544 603 1606 universi
623 1543 794 1625 participes
817 1565 935 1606 eornm.
983 1545 1052 1606 Nec
1076 1546 1133 1608 tuti
1149 1559 1222 1608 sunt
1295 1533 1300 1541 ⁸

266 1647 452 1729 appellandi
477 1645 683 1726 subterfugio,
707 1667 807 1728 quum
830 1666 974 1707 summus
997 1647 1144 1726 pontifex
1167 1670 1223 1729 ap·

266 1749 457 1831 pellationes
483 1746 647 1823 excludat,
670 1759 702 1809 et
727 1748 841 1827 legatis
862 1747 931 1830 jam
961 1750 1160 1830 praeceperit,
1188 1760 1223 1811 ut

267 1874 331 1927 eoS,
347 1850 403 1933 qui
420 1849 608 1911 videbantur·
629 1849 779 1925 absoluti,
802 1862 958 1930 reponant
980 1850 1012 1910 in
1035 1850 1221 1913 anteriorem

267 1953 469 2026 sententiam,
495 1950 558 2012 nisi
589 1951 798 2013 satisfecerint
827 1951 1053 2014 incontinenti.
1110 1952 1222 2014 Archi-

267 2054 441 2136 episcopns
457 2074 530 2115 vero
546 2064 578 2114 et
593 2053 781 2136 episcopum
803 2051 1072 2125 Loudonieusem,
1089 2066 1121 2115 et
1142 2054 1222 2117 alios

268 2157 375 2237 plnres
387 2154 593 2216 denunciavit
605 2154 821 2216 cardinalibus
833 2154 1130 2217 excommunicatos
1142 2177 1223 2234 esse,

269 2278 447 2340 causasque
463 2255 602 2341 subjecit
612 2277 693 2338 quas
705 2277 887 2318 enumerare
899 2256 1031 2336 longum
1043 2266 1100 2318 est.
1128 2257 1223 2319 Plura

268 2359 358 2420 vobis
381 2357 539 2419 interdum
565 2367 595 2417 el
616 2378 634 2418 a
654 2357 800 2438 pluribus
823 2356 1046 2431 scriberentur,
1063 2357 1126 2418 nisi
1148 2358 1223 2440 qnia

270 2482 340 2542 quae
364 2459 454 2521 vobis
476 2460 572 2520 amici
595 2458 778 2539 significant
801 2458 842 2519 ad
869 2460 1035 2536 cautelam,
1059 2480 1116 2520 vos
1139 2460 1223 2521 velut

268 2559 392 2622 inimici
408 2559 538 2621 defertis
553 2559 594 2621 ad
610 2580 725 2640 regem.
761 2560 884 2635 Valete,
896 2558 1097 2621 dilectissimi
1113 2559 1223 2621 fratres

268 2677 299 2723 et
314 2661 447 2736 domiui,
459 2673 491 2723 et
504 2661 671 2742 operosius
683 2661 777 2741 agite,
789 2670 824 2722 ut
839 2662 933 2723 amici
946 2662 1050 2738 vestri,
1063 2661 1117 2744 qni
1129 2661 1223 2744 pauci

269 2779 352 2838 sunt,
381 2763 535 2847 proficere
571 2765 696 2846 possiut
725 2765 758 2825 iu
788 2765 997 2826 excusatione
1026 2763 1220 2825 innocentiae

270 2878 391 2930 restrae.

293 3087 512 3150 EPISTOLA
538 3088 794 3152 cextra-n>
811 3105 996 3150 nonnarun
1011 3102 1148 3147 Anemo.
1167 3104 1208 3147 ne

529 3209 684 3253 sunnam.
734 3191 778 3270 [n.
796 3209 825 3251 n.
846 3190 955 3269 llos]

269 3342 413 3403 Jounnes
423 3341 462 3402 de
473 3340 662 3403 Soresberio
676 3340 809 3403 lieberto
821 3340 1059 3402 archidiacono
1070 3337 1223 3402 Surree'ae.

314 3470 597 3530 lnonarrrnnrnrs
611 3468 685 3530 vitio
698 3465 778 3530 nihil
791 3467 944 3529 odibilius
956 3477 1004 3529 est
1019 3465 1106 3549 apud
1118 3467 1222 3528 Deum

270 3581 303 3631 et
323 3570 481 3646 homines,
498 3569 590 3651 cujus
614 3579 689 3630 uota
712 3570 821 3630 merito
845 3567 978 3630 videbor
1000 3569 1175 3631 inurendus
1199 3571 1225 3631 si

271 3672 414 3734 actiones
452 3672 621 3751 gratiarnm
664 3671 776 3748 lingua
815 3670 946 3746 siluerit,
982 3670 1106 3751 quoties
1152 3683 1225 3752 post

270 3773 430 3835 beneficia
445 3773 537 3834 datur
547 3774 771 3855 opportunitas
784 3771 1000 3854 colloquendi.
1031 3774 1139 3852 Agens
1151 3794 1226 3853 ergo

272 3877 387 3954 gratias
407 3896 486 3956 quas
510 3889 542 3935 et
567 3885 705 3956 quantas
728 3895 786 3955 pro
809 3885 950 3954 tempore
972 3893 1113 3954 possum,
1135 3873 1224 3935 illum

271 3976 489 4037 retributorem
505 3975 687 4038 meritorum
699 3977 788 4036 robis
804 3973 1007 4036 confidenter
1023 3973 1125 4036 audeo
1142 3973 1225 4036 dele·

271 4098 343 4157 gare
354 4076 409 4159 qui
420 4078 506 4139 bona
518 4089 635 4139 cnucta
646 4078 733 4156 larga
745 4088 777 4137 et
788 4077 919 4158 copiosa
929 4097 1027 4137 manu
1038 4088 1227 4153 remunerat,

271 4192 301 4242 et
329 4180 451 4241 nnllam
482 4182 601 4242 malurn
632 4180 781 4262 relinquit
811 4179 1013 4260 impunitum.
1068 4179 1149 4241 Haec
1180 4189 1228 4239 est

272 4264 397 4342 interim
419 4281 597 4342 consolatio
619 4290 736 4354 nostra,
753 4281 820 4340 haec
845 4300 919 4360 spes
940 4291 988 4340 est
1006 4279 1093 4361 jugis
1114 4279 1227 4338 timcn-

272 4381 349 4442 tium
370 4381 555 4442 Dominum.
601 4380 682 4451 Quis
698 4380 783 4440 enirn
799 4380 939 4461 speravit
955 4381 986 4440 in
1005 4380 1077 4454 1110,
1093 4390 1124 4440 ct
1140 4377 1227 4438 dere-
