3384 5525
367 766 427 826 tto
620 778 756 822 ioannis
773 777 1053 823 sannsnnnrnnars
1224 758 1269 837 [a.
1287 780 1321 831 n.

361 947 479 1009 centes,
505 930 611 996 statim
638 929 790 995 excitavit
812 928 841 991 ei
866 930 953 993 Deus
975 927 1083 992 hostes
1102 926 1264 1015 ⁸undique,
1287 942 1319 995 et

363 1048 483 1100 tantam
500 1032 710 1112 vexationem,
727 1043 763 1096 ut
780 1031 834 1095 vix
851 1029 953 1094 sedari
974 1029 1074 1116 possit
1089 1041 1187 1094 aetate
1203 1042 1319 1097 nostra.

366 1138 472 1201 Locus
498 1136 549 1200 hic
574 1135 668 1199 nimis
693 1134 884 1219 conspicuus
909 1145 968 1213 est,
995 1145 1106 1219 patens
1134 1132 1277 1219 undique
1303 1157 1321 1197 a

270 1244 274 1250 ’
366 1238 602 1303 Britanniarum
626 1236 776 1302 extremis
804 1235 922 1300 finibus
946 1234 1111 1321 usquead
1136 1236 1321 1302 novissimos

365 1339 516 1406 terminos
542 1337 731 1403 Galliarum.
777 1338 868 1420 Ergo
893 1336 988 1399 ineo
1012 1334 1135 1399 diutius
1161 1335 1322 1401 immorari

365 1466 422 1510 nec
436 1453 574 1527 oportet,
586 1462 643 1504 nec
658 1438 798 1524 expedit.
835 1437 1023 1503 Fredericus
1034 1437 1087 1502 ille
1103 1437 1323 1504 schismaticus

365 1545 508 1631 insignis,
532 1544 610 1610 dnm
636 1543 668 1606 in
696 1541 857 1606 ecclesiam
885 1540 1076 1605 maliciosius
1105 1554 1137 1606 et
1164 1540 1323 1608 crudelius

367 1648 471 1722 saevit‚
486 1647 590 1712 factus
605 1658 652 1709 est
668 1648 904 1728 ex-Augustus‚
921 1656 953 1708 et
968 1666 1006 1706 eo
1022 1642 1199 1729 perductus
1214 1658 1274 1723 est,
1289 1658 1324 1711 ut

361 1752 428 1838 jam
452 1747 609 1836 optaverit
635 1748 762 1813 Italiam
785 1745 974 1832 perdidisse,
988 1768 1084 1831 quam
1110 1748 1249 1812 retinere
1263 1771 1323 1813 non

366 1866 481 1939 potest.
533 1851 649 1915 Timeo
675 1874 714 1914 ne
740 1850 896 1935 praefatus
923 1871 978 1913 rex
1009 1850 1178 1916 ambulans
1207 1851 1240 1915 in
1269 1852 1325 1916 viis

366 1957 448 2041 ejus,
474 1953 596 2017 exitum
624 1952 727 2038 (quod
752 1956 841 2017 Deus
864 1951 1035 2037 impediat)
1059 1952 1192 2018 similem
1219 1975 1325 2019 conse·

367 2066 496 2142 quatur.
528 2053 678 2117 Profecto
690 2052 804 2116 mirum
817 2051 967 2138 estquod
985 2051 1092 2117 nullus
1103 2052 1323 2139 religiosorum

367 2158 395 2222 ei
411 2155 581 2221 denunciat
602 2168 692 2220 tanta
713 2154 856 2241 pericula
875 2154 1049 2221 imminere.
1096 2155 1185 2233 Quid
1200 2156 1322 2222 faciunt

368 2281 454 2323 nunc
473 2256 518 2321 illi
536 2256 814 2336 Grandimontani,
830 2280 913 2343 quos
932 2256 985 2321 ille
1005 2257 1085 2321 adeo
1099 2258 1234 2343 diligere
1253 2281 1325 2323 con·

370 2360 474 2426 suevit
495 2373 526 2423 et
542 2358 710 2423 venerari?
734 2359 790 2422 ubi
812 2381 897 2423 nunc
917 2358 1016 2425 fontis
1031 2359 1180 2424 Ebraudi
1196 2360 1276 2425 fides
1295 2375 1326 2426 et

369 2464 475 2527 fervor
489 2463 521 2526 in
534 2461 696 2528 Domino?
728 2464 824 2527 Certe
835 2461 961 2526 conlido
971 2461 1059 2549 quod
1076 2462 1101 2526 si
1116 2462 1171 2528 ille
1186 2463 1325 2529 eeclesia

369 2586 478 2651 pacem
489 2562 675 2637 reddiderit,
685 2576 717 2627 et
727 2566 889 2627 recesserit
901 2586 920 2626 a
930 2564 982 2628 via
993 2563 1086 2644 mala,
1097 2564 1326 2651 propitiabitur

369 2666 415 2731 illi
437 2670 539 2745 Deus,
553 2679 586 2731 et
606 2664 824 2751 impendentia
846 2664 988 2750 pericula
1012 2666 1182 2732 transferet
1196 2691 1217 2731 a
1231 2668 1325 2732 domo

368 2772 461 2859 ejas„
493 2770 574 2832 Nam
598 2781 630 2832 et
652 2767 774 2845 Achab,
791 2767 868 2852 quia
889 2769 1046 2833 reveritus
1066 2782 1113 2834 est
1127 2771 1243 2836 faciem
1260 2775 1324 2836 Do·

370 2872 585 2952 mini,divinae
600 2869 853 2935 comminationis
863 2868 989 2955 flagella
1004 2869 1186 2937 declinavit.
1223 2877 1325 2959 Scrip-

370 2989 439 3041 tum
455 2998 585 3062 quoqne
598 2972 725 3037 memini
738 2971 824 3059 quod
837 2972 869 3036 in
883 2973 1063 3038 Proverbiis
1074 2975 1206 3058 legitur,
1221 2980 1325 3054 Quum

366 3081 553 3161 placuerint
570 3079 709 3142 Domino
722 3079 781 3140 vta
797 3078 945 3155 tamtan,
960 3079 1106 3142 inimicae
1120 3100 1246 3161 quoque
1258 3081 1326 3161 ejas

369 3187 526 3244 contremet
552 3182 595 3242 ad
616 3200 738 3261 pacem.
783 3178 817 3242 Si
840 3199 918 3263 ergo
942 3178 1093 3264 expedire
1115 3180 1325 3264 credideritis,

370 3303 481 3366 precor
510 3280 664 3345 attentius
693 3293 850 3367 quatenus
880 3281 1068 3364 procuretis,
1094 3294 1131 3347 ut
1151 3285 1252 3349 sancti
1276 3283 1321 3351 illi

372 3382 649 3461 Grandimontani,
673 3386 722 3446 vel
745 3383 800 3447 alii
823 3407 903 3469 quos
925 3383 1037 3448 audire
1060 3384 1232 3472 benignius
1253 3410 1326 3452 oon·

370 3484 483 3559 suevit,
493 3505 566 3547 enm
578 3495 721 3548 statuant
733 3498 843 3549 contra
855 3485 967 3551 faciem
983 3509 1083 3565 suam,
1092 3504 1326 3556 commonentes

303 3668 306 3672 Ι
371 3584 472 3649 redire
498 3583 538 3647 ad
565 3607 618 3647 cor
644 3599 675 3650 et
703 3585 862 3650 declinare
884 3610 903 3650 a
925 3587 1069 3673 vestigiis
1093 3589 1267 3672 Frederioi,
1289 3614 1326 3656 ne

372 3689 512 3753 Domino
537 3687 690 3753 irascente
714 3702 887 3773 tyrannum
912 3713 1006 3775 quem
1035 3691 1149 3759 habuit
1175 3693 1209 3757 in
1232 3693 1326 3781 culpa

370 3789 615 3877 praeambulum,
639 3790 793 3878 praevium
821 3792 937 3858 babeat
963 3794 996 3857 in
1024 3795 1125 3862 ruina
1180 3797 1250 3862 Nec
1275 3797 1326 3861 de·

371 3894 493 3972 sistant,
509 3895 533 3957 si
554 3893 735 3959 obdurescit
760 3894 801 3959 ad
825 3919 946 3979 preces,
962 3896 988 3961 si
1009 3896 1157 3963 irascitur
1179 3899 1221 3964 ad
1243 3921 1325 3964 oom-

372 3994 577 4059 monitiones:
601 3996 802 4059 meminerint
818 3998 927 4083 potius
942 3997 1024 4064 illud
1041 4002 1277 4068 Catonianum:

476 4105 614 4171 Quumque
626 4122 715 4157 mones
726 4105 849 4174 aliquem,
861 4125 909 4160 nea
921 4126 950 4161 se
961 4109 1025 4162 velit
1035 4111 1092 4182 ipse
1103 4114 1213 4180 moneri,

394 4242 397 4246 ,
476 4191 505 4243 Si
516 4190 565 4242 tibi
575 4191 611 4242 sit
621 4208 704 4256 carus,
717 4192 770 4245 noli
782 4193 907 4247 desistere
919 4197 1017 4266 caeptis.

373 4291 405 4356 Si
432 4311 508 4353 vero
534 4290 647 4373 sapiat,
671 4288 780 4356 audiet
807 4291 888 4369 illos,
916 4305 948 4358 et
978 4318 1035 4381 per
1061 4319 1095 4360 se
1119 4298 1226 4384 ipsum
1252 4321 1322 4365 cum

370 4392 500 4461 domino
531 4391 752 4456 Cantuariensi
782 4394 879 4479 faciet
915 4419 1039 4482 pacem,
1069 4422 1128 4465 nec
1166 4401 1323 4468 mediante
