3384 5525
471 777 534 835 226
733 785 870 831 Joauurs
886 784 1166 830 saansaaarausrs
1344 764 1389 843 [u.
1400 767 1430 828 b.

476 939 590 1021 Longe
604 937 718 1001 melius
738 949 786 1000 est
809 936 947 1000 incidere
969 934 1002 999 in
1023 958 1135 1000 manus
1150 933 1317 998 bominum
1335 956 1430 1020 quam

475 1041 695 1125 derelinquere
717 1039 817 1125 legem
843 1039 915 1102 Dei.
960 1038 1111 1104 Alterum
1135 1038 1218 1102 enim
1240 1058 1366 1122 semper
1380 1059 1431 1121 ge-

476 1142 611 1205 hennam
638 1142 765 1224 ingerit.
817 1139 967 1204 Alterum
997 1141 1047 1203 via
1070 1153 1118 1205 est
1148 1140 1188 1204 ad
1215 1160 1377 1214 coronam,
1403 1150 1433 1202 et

476 1254 645 1328 perpetuat
657 1240 800 1325 gloriam.
839 1242 922 1304 Nam
939 1240 996 1327 qui
1008 1242 1292 1328 persequutionem
1304 1251 1434 1325 propter

472 1342 632 1429 justitiam
648 1342 828 1427 patiuntur,
844 1341 930 1406 beati
946 1355 1036 1406 sunt:
1062 1342 1212 1427 quoniam
1228 1363 1312 1427 quos
1326 1360 1432 1424 pugna

477 1457 605 1530 purgat,
620 1444 735 1529 probat
751 1456 782 1507 et
797 1443 947 1518 illustrat,
962 1443 1035 1507 finis
1055 1465 1172 1529 pugnae
1187 1442 1253 1507 sine
1268 1442 1332 1505 fine
1346 1462 1431 1504 coro-

477 1559 543 1611 nat.
562 1545 831 1609 Sathanasautem
840 1545 1087 1631 ampliussaevit‚
1097 1567 1199 1631 quum
1211 1541 1432 1608 exterminium

477 1670 569 1712 suum
587 1646 674 1711 videt
689 1646 874 1711 accelerari:
899 1660 932 1711 et
946 1647 1002 1711 illa
1017 1670 1091 1733 pars
1106 1647 1231 1732 hyemis
1245 1644 1360 1709 tetrior
1374 1655 1430 1719 est,

476 1772 551 1835 quat
566 1750 648 1811 veris
662 1747 855 1812 imminentis
875 1746 1029 1833 praecedit
1049 1750 1276 1811 amoenitatem.
1323 1746 1432 1810 Histo-

474 1851 538 1913 rias
559 1849 688 1934 replica,
711 1863 920 1934 tyrannorum
944 1863 1034 1935 gesta
1056 1849 1195 1923 revolve,
1215 1866 1247 1914 et
1269 1847 1365 1934 plane
1387 1869 1432 1910 re·

474 1951 578 2037 peries
599 1949 631 2013 in
654 1950 809 2036 pressuris
828 1972 952 2036 semper
973 1950 1140 2016 dilatatam
1161 1973 1227 2015 esse
1248 1948 1428 2013 ecclesiam:

474 2066 506 2117 et
543 2051 631 2137 quod
666 2052 874 2138 persequutio
910 2065 1030 2135 quanto
1065 2052 1202 2118 atrocior
1237 2063 1306 2115 erat
1343 2062 1431 2115 tanto

474 2154 569 2219 citius
602 2153 784 2219 sedabatur.
844 2156 965 2238 Regem
1001 2166 1107 2218 autem
1146 2166 1210 2218 tam
1245 2153 1287 2217 ab
1324 2150 1431 2216 amicis

475 2278 573 2342 quam
602 2256 643 2318 ab
676 2254 745 2320 aliis
776 2254 901 2319 nunciis
931 2254 988 2341 qui
1022 2254 1245 2342 praemiserunt
1274 2256 1364 2335 istos,
1395 2266 1431 2317 ut

473 2355 732 2440 praemuniretur‚
761 2355 982 2419 indubitanter
1012 2355 1224 2441 significatum
1253 2373 1313 2436 est,
1343 2354 1429 2442 quod

473 2457 534 2520 nisi
550 2456 645 2520 citius
658 2478 732 2519 cum
747 2455 879 2519 ecclesia
890 2455 1000 2520 fecerit
1016 2478 1137 2542 pacem,
1152 2456 1328 2521 secundum
1343 2454 1430 2542 quod

472 2558 512 2621 ad
530 2558 718 2642 petitionem
734 2580 821 2621 suam
837 2556 986 2621 dominus
1003 2581 1088 2645 papa
1102 2558 1308 2644 praescripsit,
1323 2572 1356 2623 et
1373 2557 1431 2621 hoc

472 2658 556 2723 infra
585 2658 732 2722 calendas
759 2658 851 2734 Maii,
876 2681 916 2722 ex
947 2671 1022 2724 tunc
1051 2659 1139 2724 nulla
1163 2660 1286 2724 ratione
1310 2657 1429 2724 differri

472 2758 602 2847 poterit,
617 2756 695 2845 quin
712 2756 743 2821 in
760 2780 926 2842 personam
948 2759 1017 2844 ejus
1038 2773 1070 2824 et
1092 2773 1208 2824 terram
1229 2759 1428 2826 cismarinam

471 2876 503 2926 et
533 2859 774 2926 transmarinam
800 2859 1012 2924 ecclesiastica
1048 2861 1198 2924 severitas
1232 2874 1428 2926 exerceatur.

472 2965 518 3027 Et
544 2963 604 3026 hoc
629 2962 761 3048 quidem
791 2961 930 3025 arbitror
960 2962 1035 3026 huic
1061 2962 1309 3042 exacerbationi,
1331 2984 1428 3048 quam

471 3067 562 3128 Deus
585 3079 722 3141 mature,
749 3077 844 3148 prout
876 3062 1016 3127 ecclesiae
1040 3063 1128 3127 novit
1155 3063 1319 3149 expedire,
1343 3086 1428 3128 com-

472 3178 590 3250 pescat,
614 3165 738 3229 dedisse
761 3165 928 3249 originem,
943 3166 1190 3250 procurantibus
1211 3165 1356 3230 fomitem
1378 3187 1429 3228 ar·

471 3262 555 3327 doris
570 3278 602 3329 et
611 3265 766 3340 incendii,
780 3288 891 3329 causas
901 3265 1026 3350 jugiter
1042 3265 1290 3351 subrogantibus
1305 3265 1356 3331 bis
1370 3268 1427 3351 qui

470 3361 608 3427 oderunt
637 3387 765 3448 pacem:
799 3376 831 3426 et
857 3364 963 3429 sciunt
994 3388 1026 3429 se
1056 3387 1131 3428 cum
1155 3378 1322 3451 perpetuae
1352 3377 1428 3429 uota

469 3464 609 3527 infamiae
628 3465 755 3529 futuros
776 3464 999 3530 detestandum
1020 3467 1197 3532 schismatis
1212 3480 1244 3532 et
1259 3469 1427 3553 apostasiae

470 3566 662 3650 exemplum.
708 3566 810 3630 Lator
831 3568 1050 3651 praesentium,
1073 3569 1098 3634 si
1121 3569 1180 3634 tibi
1203 3570 1305 3633 visum
1330 3568 1426 3634 fuerit

472 3681 508 3731 ut
523 3691 596 3732 eum
620 3668 781 3748 admittas,
798 3667 891 3753 plura
911 3670 1086 3757 supplebit.
1133 3672 1241 3748 Quum
1262 3670 1425 3747 redierint,

470 3791 607 3854 quorum
634 3769 665 3833 in
690 3769 776 3834 brevi
801 3783 948 3855 speratur
970 3771 1139 3847 adventus,
1162 3771 1329 3837 referenda
1351 3795 1424 3858 quae

469 3870 650 3935 emerserint
675 3871 734 3935 tibi
763 3873 833 3934 Deo
858 3871 1053 3957 propitiante
1079 3874 1215 3938 scribere
1237 3896 1299 3937 non
1327 3872 1425 3959 pigri-

469 3973 578 4036 tabor:
602 3988 634 4038 et
656 3973 776 4037 utinam
797 3998 847 4037 me
869 3973 909 4037 de
928 3986 1015 4039 statu
1038 3989 1107 4054 tuo,
1122 4000 1219 4062 quem
1243 3978 1334 4040 Deus
1356 3997 1425 4041 suc·

467 4074 606 4139 cessibus
620 4074 762 4159 impleat,
779 4089 902 4140 mature
917 4077 1079 4142 certiorari
1094 4077 1270 4164 contingat.
