3384 5525
478 788 521 847 46
746 799 884 844 tornius
899 797 1175 844 sannsnnmuusm
1341 780 1387 860 [s.
1403 798 1435 843 n.

476 950 583 1015 studio
596 951 770 1015 litterarum
783 951 974 1016 fiducialiter
984 952 1196 1015 intercedam:
1221 963 1328 1014 certus
1342 951 1432 1033 quod

475 1051 558 1114 sicut
577 1052 775 1115 honestatem
792 1061 951 1135 acceptas·
964 1052 1072 1131 officii,
1088 1063 1121 1116 et
1134 1051 1316 1116 meritorum
1332 1051 1434 1134 patris

474 1148 544 1232 ejus
573 1152 607 1215 in
632 1161 663 1214 te
689 1171 746 1234 per
768 1151 1029 1232 ingratitudinem
1055 1173 1122 1214 non
1149 1151 1361 1228 obliviscerer,
1384 1151 1432 1213 sic

473 1251 718 1313 necessitatibus
732 1250 801 1332 ejus
816 1259 1033 1334 opportunum
1044 1262 1076 1314 et
1090 1250 1234 1314 debitum
1245 1272 1310 1313 non
1328 1248 1433 1313 tarda·

473 1350 525 1412 bis
535 1363 683 1434 praestare
696 1350 888 1414 subsidium
913 1351 1011 1425 Quod
1022 1352 1049 1415 si
1061 1353 1234 1435 praemiasis
1245 1352 1432 1427 rationibus,

473 1474 554 1538 quas
579 1454 688 1537 utique
711 1451 885 1536 prudenter
909 1475 1038 1537 pensas,
1061 1475 1174 1537 preces
1199 1475 1279 1517 meae
1306 1452 1429 1537 aliquid

473 1565 609 1637 possunt
628 1555 709 1617 ferre
732 1554 895 1626 momenti,
919 1564 1007 1618 totus
1035 1556 1068 1617 in
1098 1576 1212 1639 preces
1235 1575 1376 1634 assurgo,
1399 1563 1431 1615 et

474 1656 652 1719 efficaciam
666 1676 775 1719 earum
790 1651 947 1738 experior,
964 1655 1027 1717 tuis
1042 1656 1140 1738 plena
1154 1654 1322 1718 devotione
1340 1654 1431 1734 geni-

474 1759 535 1822 bus
545 1760 744 1841 provolutus;
765 1755 1319 1834 sidemesollicitaris,conditionem
1327 1776 1432 1818 meam

474 1860 591 1924 dirinae
600 1879 716 1921 munus
729 1857 837 1937 gratiae
848 1864 1007 1938 gratanter
1016 1858 1201 1939 amplector,
1210 1859 1320 1919 crebra
1329 1856 1431 1920 medi·

474 1960 594 2024 tatione
608 1960 773 2021 revolvens
792 1978 889 2039 quam
905 1967 1053 2039 suspecta
1074 1957 1167 2019 fuerit
1182 1958 1329 2019 omnibus
1344 1968 1433 2022 recte

473 2060 672 2144 sapientibus
695 2057 886 2121 continuata
908 2057 1020 2120 mundi
1046 2058 1248 2141 prosperitas,
1274 2067 1306 2119 et
1333 2080 1433 2141 quam

473 2172 594 2224 certum
604 2161 644 2222 sit
652 2167 872 2239 argumentum
883 2156 1077 2235 dilectionis,
1089 2157 1224 2220 filiorum
1238 2158 1431 2240 delinquen·

472 2262 551 2325 tium
566 2261 679 2342 culpas
693 2280 749 2341 per
764 2260 891 2337 flagella
906 2258 1041 2340 purgari.

473 2647 696 2712 EPISTOLA
724 2647 951 2713 CCVIL-au
967 2664 1152 2709 nonnnruu
1170 2665 1212 2708 ua
1230 2665 1428 2712 navansuarr

670 2765 961 2810 ancurnracouuu.
1010 2746 1055 2827 [n.
1069 2765 1100 2808 n.
1120 2745 1228 2826 1162]

557 2906 692 2972 Roderto
706 2907 746 2971 de
761 2907 972 2981 Faverslrom,
989 2905 1232 2981 archidiacono,
1249 2907 1347 2971 Jouu.

882 3008 1011 3074 Sorech.

516 3168 723 3230 lunuuanos
752 3178 811 3245 est,
837 3175 872 3230 et
896 3179 1047 3230 extremae
1070 3168 1243 3252 impietatis
1266 3173 1426 3234 maculam

472 3266 604 3328 incurrit
618 3276 650 3328 et
663 3274 783 3343 notam,
799 3266 854 3349 qui
869 3275 1002 3349 paterna
1020 3269 1192 3334 afflictione
1208 3292 1273 3333 non
1289 3270 1426 3350 laeditur,

470 3360 646 3444 praesertim
660 3361 717 3423 ubi
731 3371 871 3443 pateruae
894 3363 1100 3444 benignitatis
1114 3367 1147 3428 in
1169 3366 1270 3429 filium
1285 3368 1379 3450 plura
1394 3376 1428 3430 et

473 3460 605 3542 grandia
614 3461 688 3524 luce
701 3462 816 3524 clarius
827 3462 952 3526 radiant
962 3476 1157 3546 argumento.
1190 3467 1325 3531 Constat
1339 3469 1425 3531 enim

472 3584 516 3627 ex
529 3563 688 3626 sententia
702 3563 836 3626 Domini
855 3573 953 3627 totam
970 3564 1191 3630 Cauaueorum
1208 3579 1336 3650 gentem
1351 3591 1424 3652 per-

471 3674 569 3749 petua
590 3664 741 3728 servitute
755 3664 947 3744 damnatam,
964 3668 1039 3750 quia
1059 3679 1149 3752 pater
1163 3690 1273 3732 eorum
1289 3671 1391 3733 Cham
1408 3694 1428 3735 a

473 3788 537 3849 quo
552 3786 654 3847 genus
668 3777 700 3829 et
714 3788 832 3831 nomeu
856 3779 1092 3847 contraxerunt,
1107 3770 1301 3834 inhumanus
1316 3772 1426 3835 extitit

470 3869 506 3931 in
520 3877 694 3950 parentem.
732 3870 816 3932 Nam
838 3891 881 3932 ex
899 3870 1070 3933 commisso
1091 3872 1229 3933 auctoris
1251 3871 1344 3955 impii
1359 3883 1427 3936 tota

469 3969 639 4053 posteritas
654 3970 873 4053 praejudicium
890 3972 973 4049 tulit,
989 3981 1020 4034 et
1036 3972 1112 4035 dum
1129 3972 1249 4035 odibile
1265 3974 1425 4037 servitutis

469 4071 595 4153 exeipit
603 4070 730 4153 jugum,
742 4071 922 4135 devitandae
937 4073 1111 4156 impietatis
1126 4075 1261 4137 salutare
1273 4076 1425 4138 omnibus

470 4180 619 4254 procurat
649 4174 840 4255 exemplum.
890 4173 974 4236 Sane
1005 4183 1036 4236 et
1065 4196 1126 4256 ego
1155 4197 1207 4238 me
1232 4173 1424 4238 deteriorem

470 4273 625 4335 Cananeo
651 4274 796 4354 quolibet
821 4273 968 4351 arbitrer,
993 4274 1019 4337 si
1046 4276 1128 4357 patn'
1154 4297 1220 4339 non
1247 4277 1424 4359 compatiar

467 4374 644 4436 laboranti:
679 4373 706 4435 si
732 4374 860 4454 flagella
885 4373 955 4457 ejus
976 4397 1041 4437 nou
1066 4378 1253 4440 exulcerent
1281 4378 1422 4441 animam
