3384 5525
365 779 428 835 ⁶242
634 788 769 833 romnus
785 785 1065 831 sannsnnnlnnsrs
1228 769 1275 849 [s.
1293 790 1322 832 n.

366 938 407 1003 ad
422 950 530 1002 votum
553 938 726 1024 procedere
747 935 926 1001 arbitrarer.
976 935 1178 1001 Festinanter
1191 935 1268 1001 inde
1284 937 1325 1002 ad

366 1053 501 1106 matrem
517 1063 620 1105 meam
637 1040 753 1104 deflexi
768 1040 839 1121 iter,
854 1061 951 1126 quarn
963 1039 1032 1124 jam
1053 1038 1154 1103 altero
1168 1038 1323 1125 languen-

366 1155 432 1208 tem
453 1166 548 1226 anno,
570 1155 603 1208 et
625 1142 740 1207 amodo
756 1143 825 1227 jam
849 1143 936 1207 diem
953 1141 1085 1206 Domini
1108 1163 1182 1206 curn
1205 1142 1323 1228 gaudio

365 1246 613 1331 proestolantem,
635 1268 675 1309 ex
698 1267 762 1332 quo
783 1267 835 1309 me
851 1245 941 1325 vidit,
956 1244 1066 1310 vestris
1086 1256 1119 1309 et
1141 1257 1323 1310 sanctorum

366 1348 482 1434 quibus
502 1348 691 1413 cohabitatis
713 1346 909 1412 orationibus
931 1369 1044 1434 precor
1065 1347 1219 1412 attentius
1240 1370 1324 1413 com-

365 1450 521 1517 mendari.
568 1450 749 1536 Receperat
769 1461 878 1513 autem
900 1472 1086 1536 responsum
1101 1473 1121 1514 a
1138 1450 1271 1536 Spiritu,
1290 1472 1323 1515 se

366 1566 503 1620 mortem
529 1576 593 1618 non
619 1553 768 1631 visuram,
796 1553 899 1618 donec
925 1577 978 1618 me
1004 1564 1038 1618 et
1060 1554 1191 1619 fratrem
1214 1575 1323 1618 meum

367 1656 491 1722 videret
505 1657 547 1722 ab
563 1657 659 1722 exilio
674 1658 854 1721 redeuntes.

411 1760 545 1824 Interim
562 1760 608 1824 illi
619 1771 742 1824 veteres
757 1758 852 1824 amici
867 1758 990 1824 domini
1007 1759 1158 1826 Cantuar.
1174 1769 1208 1823 et
1221 1759 1324 1824 eccle·

366 1862 500 1927 siasticae
510 1861 665 1928 libertatis
674 1873 935 1949 propugnatores,
944 1861 1093 1927 dominus
1103 1862 1322 1937 Eboracensis,

366 1965 532 2051 episcopus
556 1965 734 2030 Londoniae
757 1976 790 2029 et
812 1965 984 2051 complices
1009 1987 1131 2043 eorum,
1155 1965 1321 2030 consilium

364 2066 506 2131 inierunt
525 2090 599 2132 cum
620 2067 808 2153 publicanis,
826 2066 986 2151 legatione
1009 2066 1193 2132 transmissa
1209 2067 1251 2131 ad
1267 2068 1322 2131 do·

365 2169 490 2234 minum
516 2192 637 2254 regem,
664 2193 704 2234 ne
730 2169 901 2255 praefatum
931 2170 1083 2235 Cantuar.
1106 2170 1140 2233 in
1170 2169 1320 2255 Angliam

365 2273 469 2336 redire
504 2285 676 2358 pateretur,
712 2283 884 2359 antequam
921 2272 1123 2337 renunciaret
1156 2271 1323 2357 legationis

366 2374 479 2458 officio,
496 2386 531 2439 et
551 2376 732 2440 restituerat
751 2375 782 2439 ei
805 2376 967 2440 universas
985 2375 1118 2455 litteras,
1137 2395 1217 2461 quas
1236 2396 1323 2439 eme·

365 2490 473 2542 ruerat
494 2479 535 2543 ab
557 2478 731 2566 apostolica
752 2478 839 2557 sede,
864 2488 898 2542 et
920 2478 1156 2562 repromitteret
1177 2499 1212 2543 se
1233 2476 1322 2563 regni

360 2581 436 2666 jura
446 2581 671 2647 inviolabiliter
680 2594 888 2660 servaturum,
899 2593 936 2646 nt
948 2583 1007 2646 sub
1019 2581 1155 2647 obtentu
1167 2580 1322 2646 cautionis

364 2682 459 2768 hans
473 2682 513 2746 ad
529 2683 760 2747 observantiam
777 2682 1044 2748 consuetudinum
1061 2693 1227 2749 artaretur.
1263 2681 1322 2747 Di·

365 2787 482 2851 cebant
495 2785 582 2850 enim
597 2786 683 2874 quod
703 2787 824 2852 reditus
839 2787 908 2873 ejus
923 2786 1054 2852 domino
1069 2787 1136 2871 regi
1151 2786 1322 2852 damnosus

364 2900 399 2955 et
413 2892 582 2977 probrosus
596 2889 720 2955 futurus
738 2902 818 2968 erat,
835 2889 895 2954 nisi
910 2890 970 2954 ista
985 2890 1214 2976 praecederent.
1263 2890 1323 2954 Fe-

366 3006 476 3059 cerant
500 2994 597 3059 etiam
627 2994 668 3057 de
696 2993 830 3077 singulis
854 2992 1040 3058 vacantibus
1066 2990 1208 3057 ecclesiis
1231 3013 1321 3056 senas

367 3096 491 3160 evocari
506 3117 666 3182 personas,
681 3095 713 3158 in
733 3118 812 3182 quas
826 3095 867 3159 de
890 3106 1015 3180 pastore
1031 3094 1180 3179 eligendo
1195 3095 1322 3159 univer-

366 3197 467 3261 sitatis
486 3199 616 3263 arbitria
637 3198 868 3276 conferrentur,
882 3211 919 3261 ut
938 3197 1112 3261 electiones
1125 3197 1167 3261 de
1185 3196 1322 3261 ecclesia

366 3297 400 3362 in
415 3299 503 3363 aliud
522 3322 658 3384 regnum
673 3312 707 3365 et
721 3300 876 3386 palatium
899 3310 1067 3385 protractae
1084 3299 1323 3364 celebrarentur

366 3400 545 3464 adnutum
575 3401 676 3484 regis:
712 3400 768 3465 nbi
798 3401 824 3464 si
857 3401 1008 3467 Cantuar.
1039 3402 1081 3466 ob
1110 3401 1321 3465 reverentiam

366 3523 524 3567 canonum
547 3523 604 3588 pro
623 3501 717 3566 officii
738 3503 787 3566 sui
811 3503 922 3569 debito
944 3503 1179 3590 obloqueretur,
1201 3503 1321 3588 regiam

365 3605 541 3670 offenderet
567 3605 785 3690 majestatem:
818 3606 843 3670 si
870 3606 1062 3671 consentiret
1084 3628 1158 3671 rens
1181 3617 1267 3672 esset
1287 3605 1320 3671 in

365 3707 474 3771 Deum
486 3720 519 3772 et
530 3708 772 3772 convinceretur
787 3708 820 3770 in
837 3708 1079 3773 constitutiones
1091 3708 1322 3774 ecclesiasticas

363 3810 521 3877 incidisse.
569 3811 767 3897 Saepedictns
793 3822 901 3875 autem
926 3812 1075 3876 dominus
1103 3812 1256 3877 Cantuar.
1281 3831 1321 3874 ex

364 3913 515 3977 mandato
528 3913 650 3977 domini
673 3914 754 3998 regis
777 3914 1015 3998 Rothomagnm
1032 3925 1173 3988 venerat,
1189 3912 1266 3976 inde
1281 3933 1320 3976 ex

363 4015 516 4102 promisso
527 4015 710 4080 liberandus
721 4017 762 4080 ab
776 4015 970 4100 obligatione
982 4017 1189 4092 creditorum,
1201 4027 1319 4080 etcum

362 4118 481 4183 honore
506 4118 539 4182 in
565 4117 700 4203 patriam
730 4118 951 4186 remittendus.
1005 4119 1070 4184 Sed
1100 4118 1215 4184 fefellit
1243 4139 1319 4183 eum

363 4221 481 4307 opinio,
497 4220 621 4287 Joanne
636 4219 677 4284 de
699 4219 893 4287 Oxeneford.
909 4221 1062 4286 afferente
1077 4220 1186 4286 literas
1199 4219 1322 4286 domini

363 4326 456 4410 regis,
471 4323 587 4411 quibus
603 4323 735 4408 rogabat
748 4334 782 4388 et
797 4324 959 4401 monebat,
970 4335 1006 4388 ut
1017 4323 1085 4388 sine
1099 4344 1190 4389 mora
1204 4323 1322 4388 rediret

362 4429 402 4491 ad
423 4427 589 4493 ecclesiam
612 4449 712 4505 suam,
729 4439 762 4491 et
782 4427 935 4492 antedicti
952 4427 1084 4492 loannis
1104 4426 1267 4492 conductu
1288 4436 1321 4491 et
