3384 5525
367 772 478 850 noa]
744 788 922 835 briscona.
1263 779 1318 838 131

363 940 524 1004 miseriam
540 938 695 1025 Tyranni,
711 957 767 1004 aut
782 941 891 1026 potius
900 939 1035 1023 gloriam
1048 942 1109 1006 Dei
1122 955 1153 1005 et
1169 942 1320 1006 Ecclesiae

362 1042 621 1121 consolationem,
636 1043 677 1106 de
693 1042 889 1107 nostratibus
911 1045 1041 1127 quidem
1067 1044 1212 1108 viderunt
1228 1066 1320 1107 cauo-

363 1142 427 1206 uici
438 1142 667 1207 Noviomenses
682 1154 715 1207 et
728 1142 835 1207 nuncii
844 1143 968 1208 comitis
987 1144 1133 1209 Henrici:
1151 1145 1192 1208 de
1204 1158 1321 1208 vestra-

363 1243 451 1309 tibus
465 1256 574 1310 autem
586 1243 684 1331 legati
700 1244 834 1310 illustris
850 1245 933 1329 regis
948 1247 1084 1332 Angliae,
1095 1247 1171 1311 illuc
1186 1247 1322 1333 profecti

363 1368 405 1412 ex
428 1347 526 1412 variis
549 1350 663 1413 musis.
708 1346 939 1412 Noviomeuses
959 1349 1041 1412 enim
1065 1349 1321 1414 archidiaconum

364 1470 459 1513 suum
477 1450 678 1514 Bonifacium
697 1448 801 1513 Italiae
823 1450 1034 1515 marchionem
1051 1474 1146 1537 quem
1162 1451 1322 1535 elegerant

364 1551 398 1615 iu
423 1551 634 1638 Episcopum,
662 1551 766 1615 virum
796 1551 962 1617 honestum
989 1567 1021 1617 et
1051 1566 1119 1618 tota
1146 1552 1322 1617 schismatis

365 1665 555 1739 tempestate
576 1653 768 1719 catholicum
792 1653 943 1718 reducere
965 1655 1163 1740 quaerebant.
1208 1657 1322 1720 Comes

367 1755 530 1819 Heuricus
545 1768 666 1821 statum
679 1754 867 1841 explorabat
881 1755 1020 1841 imperii:
1037 1757 1144 1821 nuncii
1154 1779 1227 1819 vero
1237 1755 1322 1841 regis

366 1856 499 1942 Angliae
510 1857 696 1943 juramenta
709 1857 929 1943 prestiterunt
941 1857 981 1921 de
991 1858 1192 1923 matrimonio
1201 1870 1324 1923 contra·

366 1957 473 2022 heudo
487 1961 571 2025 iuter
582 1959 681 2025 filium
698 1959 825 2045 praefati
840 1958 1028 2022 marchionis
1042 1972 1074 2024 et
1090 1982 1226 2023 sororem
1240 1958 1323 2043 regis

367 2060 484 2126 scotia
498 2074 529 2127 et
545 2061 586 2126 ad
609 2062 833 2148 saepedictum
857 2072 1028 2146 tyrannum
1044 2061 1202 2147 legatione
1219 2060 1320 2126 functi

368 2174 456 2239 sunt,
480 2175 517 2228 ut
532 2163 573 2227 de
593 2162 742 2248 opinione
764 2166 940 2227 multorum
957 2162 1080 2248 loquar,
1102 2186 1168 2249 quo
1182 2163 1226 2227 sic
1241 2162 1323 2225 vires

367 2277 400 2330 et
411 2262 659 2331 familiaritatem
675 2265 908 2350 praetendentes
918 2265 1054 2352 imperii,
1070 2278 1208 2331 terreant
1222 2266 1322 2329 Fran-

367 2388 431 2431 cos.
479 2366 541 2431 Sed
558 2366 714 2432 calliditas
726 2367 795 2431 haec
809 2366 842 2430 iu
854 2368 1048 2431 contrarium
1059 2391 1189 2454 prorsus
1200 2367 1323 2431 exitum

366 2468 484 2555 pergit.
544 2470 660 2534 Franci
691 2469 850 2556 siquidem
887 2471 989 2555 magis
1022 2470 1214 2545 animantur,
1244 2470 1323 2533 dum

366 2570 478 2637 vident
494 2570 603 2637 hostes
616 2572 707 2659 quasi
723 2571 892 2649 desolatos,
910 2572 1008 2635 immo
1022 2572 1206 2659 desperatos
1220 2594 1325 2636 emen-

366 2673 473 2739 dicata
489 2673 641 2760 suffragia
656 2675 839 2761 quaeritare,
855 2686 887 2739 et
902 2674 973 2738 illos
987 2675 1159 2763 implorare
1174 2687 1324 2761 patronos

366 2776 487 2863 quibus
501 2799 583 2863 opus
598 2790 646 2843 est
661 2777 836 2841 defensore.

411 2879 500 2942 Dum
517 2878 626 2964 itaque
637 2878 669 2942 iu
682 2877 777 2942 tantis
787 2877 960 2962 imperator
971 2889 1150 2940 versaretur
1161 2875 1326 2960 angustiis,

367 2991 400 3044 et
414 2980 545 3045 omuino
559 2980 600 3044 de
615 2979 705 3045 exitu
722 2979 919 3065 desperaret,
935 2990 1107 3043 tractat-um
1123 2975 1235 3040 habuit
1251 2998 1324 3039 cum

369 3082 447 3147 viris
476 3082 643 3168 religiosis,
666 3104 747 3167 quos
776 3081 941 3146 constabat
971 3079 1080 3144 fideles
1108 3102 1175 3143 esse
1204 3078 1326 3142 domiui

368 3206 475 3272 papae,
492 3184 646 3250 simulans
661 3207 694 3247 se
708 3205 781 3249 cum
795 3182 926 3248 ecclesia
942 3183 1003 3247 Dei
1020 3204 1129 3268 pacem
1139 3203 1208 3245 esse
1222 3181 1325 3244 factu-

371 3308 456 3350 rum.
501 3287 564 3350 E'st
574 3297 680 3350 autem
696 3285 729 3349 in
744 3285 840 3348 domo
856 3284 1076 3349 Cartbusieusi
1088 3285 1136 3348 vir
1150 3282 1324 3348 admodum

370 3385 540 3471 religiosus
562 3385 723 3472 quondam
753 3383 1019 3450 familiarissimus
1041 3384 1249 3470 imperatori,
1265 3379 1327 3469 qui

369 3488 411 3553 ab
426 3511 466 3552 eo
479 3488 605 3574 pridem
617 3500 789 3554 recesserat
801 3488 843 3553 ob
858 3487 1080 3553 conscientiam
1092 3488 1279 3566 schismatis,
1295 3500 1327 3552 et

370 3594 400 3656 ei
414 3589 556 3677 plurimo
570 3589 828 3676 compatiebatur
846 3587 973 3654 affectu.
1020 3588 1084 3652 Hic
1103 3610 1180 3671 ergo
1199 3588 1329 3653 accessit

370 3691 410 3757 ad
427 3713 590 3757 eumcum
606 3691 778 3777 lachrymis
793 3691 855 3757 sibi
873 3713 931 3778 pro
945 3703 1032 3753 certo
1053 3692 1228 3755 innotuisse
1243 3713 1328 3754 asse·

373 3817 457 3870 rens,
467 3794 555 3882 quod
568 3815 678 3880 pacem
694 3816 756 3857 uon
769 3807 837 3857 erat
850 3792 1030 3872 habiturus,
1041 3794 1101 3856 nisi
1117 3793 1254 3858 ecclesiae
1267 3793 1328 3858 Dei

372 3897 522 3963 redderet
533 3919 658 3983 pacem:
682 3895 800 3961 institit
812 3909 931 3975 autem,
943 3908 975 3960 et
987 3895 1126 3960 obtinuit
1139 3910 1174 3960 ut
1183 3907 1329 3959 evocaret

370 4020 428 4084 per
458 3997 581 4062 litteras
612 4018 687 4060 suas
720 3995 860 4081 priorem
885 3995 1156 4072 Cartbusieusem,
1179 3996 1327 4060 abbatem

372 4099 617 4164 Cistercieusem
639 4110 672 4162 et
691 4096 876 4185 episcopum
899 4095 1097 4183 Papiensem,
1114 4121 1208 4183 quem
1229 4120 1329 4183 expu-

370 4199 464 4280 lerat,
477 4213 510 4266 et
525 4198 729 4285 promitteret
746 4223 778 4263 se
793 4198 924 4263 consilio
939 4221 1048 4263 eorum
1065 4198 1095 4261 in
1112 4199 1260 4262 omnibus
1275 4199 1331 4262 ad·

372 4303 580 4390 quieturum:
604 4302 683 4366 dum
699 4301 795 4365 modo
809 4300 854 4365 illi
866 4301 897 4365 in
914 4325 946 4365 se
962 4302 1137 4386 reciperent
1152 4302 1330 4386 periculum

365 4405 558 4498 juramenti,
588 4404 677 4491 quod
707 4417 818 4468 contra
854 4426 969 4490 papam
1008 4403 1230 4466 Alexandrum
1260 4403 1329 4465 fieri

827 4512 884 4567 112
