3384 5525
380 756 522 835 treta]
766 772 944 816 srrsroua.
1293 757 1334 814 99

373 924 440 1001 lem,
455 935 492 987 ut
513 946 645 1008 poenam
669 946 764 1009 quam
786 925 995 989 intentaverat
1016 922 1195 997 innocenti,
1219 921 1325 985 cousi·

362 1023 450 1088 ‘liarii
476 1036 634 1089 nocentes
660 1027 857 1111 exciperent.
910 1028 955 1090 Et
980 1028 1007 1089 si
1034 1025 1233 1089 historiarum
1258 1044 1324 1085 non

372 1138 515 1190 movetur
539 1128 710 1211 exemplis,
733 1150 805 1191 eum
833 1129 884 1191 vel
913 1128 1101 1193 Fredericus
1129 1137 1325 1207 exaugustus

322 1250 323 1253 ¹
371 1238 476 1310 potest
497 1229 666 1306 iustruere,
683 1230 736 1314 qui
759 1229 799 1293 de
822 1230 951 1312 fastigio
974 1231 1112 1295 Romani
1133 1228 1259 1311 imperii
1281 1226 1323 1289 ob

370 1331 516 1395 ecclesiae
535 1334 814 1417 persequutionem
835 1334 870 1396 in
892 1342 1110 1417 paupertatem
1133 1340 1166 1394 et
1186 1328 1323 1413 ignomi-

369 1432 452 1495 niam
469 1434 576 1513 miser,
591 1434 648 1497 scd
668 1433 748 1497 nulli
770 1434 960 1498 miserabilis
984 1433 1111 1509 corruit,
1127 1433 1167 1496 ad
1190 1432 1323 1514 gloriam

369 1532 446 1616 ejus,
476 1536 532 1618 qui
557 1536 644 1597 solus
673 1558 731 1619 pro
758 1535 889 1599 arbitrio
917 1557 975 1598 suo
1005 1557 1105 1616 regna
1131 1545 1163 1597 et
1191 1533 1323 1616 imperia

367 1636 526 1715 transfert,
541 1638 635 1719 erigit
656 1660 735 1722 quas
756 1640 824 1701 vult
845 1649 878 1701 et
901 1636 1011 1721 dejicit
1032 1647 1214 1721 potestates.
1262 1634 1321 1695 Ille

367 1758 442 1800 suos
465 1738 580 1822 punire
598 1740 711 1818 noluit,
725 1741 780 1824 qui
803 1762 877 1804 eum
900 1738 1158 1823 depravaverant,
1174 1736 1321 1799 consilia·

367 1839 448 1901 rios:
474 1840 576 1903 sedin
588 1842 661 1904 illos
677 1841 797 1924 digitus
809 1839 872 1905 Dei
888 1842 1059 1923 gloriosam
1072 1840 1215 1903 exercuit
1227 1838 1319 1901 ultio-

368 1962 451 2005 nem.
491 1943 657 2028 Numquid
672 1966 729 2008 rex
742 1944 867 2027 Angliae
883 1944 1014 2008 ultimus
1028 1942 1227 2028 poenitentiae
1238 1940 1320 2002 fruc·

369 2053 420 2107 tus
446 2047 559 2113 offeret
583 2048 657 2110 Deo
687 2047 744 2130 qui
770 2069 842 2111 eum
873 2070 937 2130 prae
964 2046 1090 2109 caeteris
1120 2043 1321 2128 principibus

368 2146 573 2210 sublimavit?
604 2148 875 2232 Arcbiepiscopus
898 2148 1002 2211 sancti
1023 2146 1149 2219 Jacobi,
1169 2143 1226 2206 diu
1247 2165 1319 2227 pro·

369 2248 518 2331 scriptus,
537 2249 607 2333 jam
631 2252 763 2314 arnulto
787 2260 929 2332 tempore
951 2258 1119 2312 revocatus
1134 2258 1182 2310 est
1206 2261 1321 2327 arege

371 2372 437 2414 suo.
475 2352 552 2415 Rex
566 2353 731 2415 Danorum
748 2374 839 2416 suurn
855 2374 1008 2416 revocans
1023 2352 1159 2415 consilio
1174 2349 1243 2435 ejus
1257 2350 1322 2430 agit

369 2455 488 2532 omnia,
509 2456 687 2537 compescit
707 2455 866 2533 inimicos,
881 2464 913 2518 et
936 2476 1010 2516 eum
1032 2453 1110 2516 colit
1131 2462 1165 2514 ut
1189 2463 1319 2534 patrem.

370 2553 596 2639 Lugdunensis
624 2577 715 2619 suam
748 2554 873 2638 recepit
906 2553 1027 2632 sedem,
1057 2564 1089 2617 et
1123 2552 1320 2637 provinciam

370 2656 536 2719 catholicae
547 2656 685 2720 reddidit
696 2657 820 2720 unitati.
859 2657 965 2719 Urbes
977 2656 1079 2719 ltaliae
1091 2654 1201 2739 ejectis
1213 2674 1319 2718 coram

370 2756 541 2822 Frederico
563 2758 788 2837 schismaticis,
803 2759 979 2823 catholicos
1001 2758 1172 2842 episcopos
1193 2775 1321 2837 recepe·

367 2872 448 2922 runt
504 2862 578 2924 Deo
603 2871 683 2923 teste
708 2862 770 2924 nisi
800 2861 948 2925 dominus
976 2882 1035 2923 rex
1061 2879 1155 2922 suurn
1181 2864 1320 2931 revocet,

368 2961 453 3045 quod
479 2962 521 3025 de
546 2962 602 3025 illo
628 2963 734 3041 timeo,
761 2963 868 3027 dicere
896 2962 1076 3025 reformido.
1120 2959 1165 3021 Et
1192 2957 1219 3019 si
1245 2976 1319 3017 eum

369 3065 576 3141 revocaverit,
588 3077 620 3128 et
631 3067 776 3130 ecclesiae
790 3067 853 3130 Dei
867 3062 1040 3129 reddiderit
1051 3082 1176 3146 pacem,
1189 3056 1319 3122 confido

369 3187 422 3250 spe
436 3166 525 3230 haud
540 3166 650 3244 dubia,
666 3168 754 3252 quod
769 3169 855 3233 circa
869 3189 942 3230 eum
966 3176 999 3230 et
1021 3187 1095 3229 suos
1117 3164 1319 3248 antiquorum

368 3269 468 3348 gratia
482 3289 692 3333 successuum
705 3271 856 3354 precibus
870 3269 1014 3334 ecclesiae
1025 3266 1193 3331 reflorebit.
1232 3264 1319 3338 Quid

368 3368 489 3435 multa?
521 3392 585 3434 uua
599 3371 650 3436 via
666 3381 756 3455 patet
771 3370 907 3451 consilii,
921 3383 958 3434 ut
979 3392 1093 3454 pravos
1115 3380 1148 3432 et
1169 3368 1318 3435 inimicos

366 3473 514 3536 ecclesiae
529 3473 682 3537 excludat
693 3449 902 3552 consiliarios
913 3487 945 3538 et
957 3475 1064 3536 Deum
1076 3494 1173 3556 quern
1185 3469 1319 3533 offendit

366 3575 494 3656 placare
516 3573 653 3652 studeat,
675 3596 741 3658 quo
763 3574 864 3637 invito
886 3583 1017 3656 regnare
1038 3595 1104 3636 non
1127 3580 1243 3657 potest,
1264 3582 1319 3633 aut

366 3675 500 3740 feliciter
512 3675 705 3759 principari:
737 3677 887 3741 sustinuit
900 3699 974 3742 eum
988 3677 1144 3741 hactenus
1159 3676 1193 3738 in
1218 3675 1318 3736 multa

363 3778 528 3860 patientia,
542 3776 611 3857 sed,
625 3777 686 3840 nisi
709 3792 829 3856 caveat,
845 3779 996 3842 adversus
1018 3776 1314 3841 immoderationem

366 3877 432 3961 ejus
447 3888 484 3942 ut
499 3877 678 3962 parturiens
693 3879 839 3961 loquetur
854 3878 886 3942 in
902 3879 1000 3942 brevi.
