3384 5525
367 749 476 829 naa]
746 768 926 813 susanna.
1275 756 1315 815 87

363 921 633 1005 archiepiscopus,
654 921 740 1006 qnod
754 933 872 985 nostrae
894 917 998 1003 gentis
1020 919 1220 1005 proverbium
1243 935 1308 987 est:

365 1023 458 1097 Quod
479 1025 663 1087 taciturnus
686 1024 838 1105 spiritum
861 1025 1035 1105 pretendit
1060 1023 1251 1104 confitentis,
1281 1033 1314 1088 et

363 1148 460 1209 quum
474 1147 532 1189 rex
546 1125 609 1191 sibi
625 1126 769 1189 videatur
782 1126 815 1188 in
832 1128 1034 1209 possessione
1044 1123 1311 1191 consuetudinum

362 1249 441 1306 esse,
456 1228 544 1292 etad
560 1250 615 1291 eas
629 1228 843 1291 observandas
864 1228 980 1310 injuste
995 1240 1028 1292 et
1045 1229 1201 1293 violenter
1220 1238 1315 1310 cogat

363 1329 545 1408 ecclesiam,
560 1331 588 1392 si
604 1329 649 1391 sic
666 1328 881 1391 taciturnitate
898 1330 1067 1412 impetrata
1081 1341 1218 1394 cessaret
1235 1350 1313 1392 con·

363 1431 480 1509 cursio,
509 1431 696 1495 auctoritate
718 1430 859 1493 maxime
880 1431 1055 1513 legatorum
1076 1432 1314 1508 interveniente,

362 1533 471 1594 statim
487 1533 596 1595 sibiet
611 1532 682 1595 aliis
697 1530 858 1595 videretur
878 1532 1052 1595 obtinuisse
1075 1532 1109 1593 in
1126 1554 1222 1596 cansa
1243 1534 1313 1597 ista.

363 1629 493 1714 Adjacit
503 1630 609 1709 etiam,
624 1653 658 1695 se
671 1633 766 1695 malle
781 1643 937 1715 perpetuo
946 1633 1087 1709 exulare,
1102 1643 1134 1696 et
1145 1634 1314 1715 proscribi,

363 1745 407 1811 et,
423 1736 450 1797 si
460 1737 555 1798 ¹Deus
570 1734 793 1818 itadisposuit,
802 1756 861 1819 pro
871 1733 1006 1818 justitiae
1023 1733 1210 1798 defensione
1225 1736 1316 1815 mori,

364 1857 460 1918 quam
485 1836 519 1898 in
549 1838 660 1899 salutis
690 1858 757 1899 suae
787 1836 1001 1919 dispendium,
1032 1849 1064 1899 et
1093 1836 1315 1921 prejudicium

364 1938 590 2001 ecclesiastica
619 1937 777 2001 libertatis
807 1939 891 2001 banc
921 1939 1008 2001 ineat
1036 1958 1161 2019 pacem.
1224 1938 1316 2002 Dens

364 2036 448 2099 enim
464 2048 512 2099 est
527 2039 583 2122 qui
598 2039 631 2100 in
641 2039 716 2102 talia
730 2059 845 2101 caussa
856 2048 960 2102 tacere
969 2038 1116 2122 probibet
1125 2038 1316 2114 sacerdotes,

365 2137 420 2221 qui
443 2139 717 2205 dissimulantibus
738 2141 919 2223 gehennam
939 2140 1138 2224 praeparavit,
1158 2141 1214 2204 ubi
1229 2142 1318 2205 nulla

364 2239 424 2302 erit
447 2240 656 2305 dissimulatio
676 2262 792 2325 poenae.
838 2243 958 2305 Lectus
979 2251 1028 2305 est
1047 2254 1080 2305 et
1093 2243 1220 2306 libellus
1239 2243 1316 2306 abo·

366 2340 579 2405 minationum
594 2344 732 2421 illarum,
754 2354 785 2405 et
808 2344 979 2428 quaesitum
994 2365 1013 2407 a
1028 2344 1253 2423 cardinalibus,
1274 2365 1316 2407 an

364 2465 385 2505 a
410 2443 598 2508 Christianis
626 2446 703 2509 talia
728 2443 824 2509 liceat
850 2447 1021 2524 observari,
1051 2446 1170 2510 nedum
1199 2467 1316 2530 apas-

364 2546 485 2609 toribus
508 2544 711 2611 dissimulari.
757 2542 920 2629 Progressi
946 2548 1085 2611 suntad
1110 2549 1203 2611 aliam
1230 2569 1317 2631 quae-

364 2648 513 2722 stionem,
536 2648 736 2712 sciscitantes
766 2670 807 2711 an
838 2651 934 2713 vellet
957 2671 1066 2713 eornm
1089 2649 1213 2733 jndicio
1236 2660 1317 2713 stare

364 2750 538 2832 superbis,
558 2771 630 2833 quoe
646 2750 728 2814 inter
746 2750 852 2837 ipsum
867 2744 900 2816 d
913 2773 1019 2835 regem
1041 2761 1213 2816 vertuntur.
1257 2753 1317 2815 Ille

364 2862 471 2915 autem
494 2851 534 2914 de
556 2874 661 2917 causae
683 2875 718 2916 se
748 2856 929 2917 sinceritate
953 2853 1115 2918 confidere
1143 2852 1319 2936 respondit,

364 2965 398 3016 et
408 2976 505 3037 quum
517 2956 587 3039 ipse
599 2965 630 3018 et
641 2956 701 3034 sui,
711 2956 768 3040 qui
777 2978 797 3018 a
809 2965 952 3037 tempore
962 2956 1065 3018 multo
1077 2955 1223 3018 destituti
1233 2963 1318 3030 sunt,

363 3058 463 3138 plene
484 3057 602 3120 fuerint
623 3056 663 3121 ad
686 3057 794 3120 omnia
812 3057 960 3132 restituti,
974 3056 1084 3119 habita
1104 3055 1224 3119 ratione
1242 3076 1316 3119 cau·

367 3178 474 3220 sarum
489 3180 603 3238 rerum,
620 3170 651 3223 et
666 3161 831 3242 temporis,
850 3159 917 3244 juri
933 3159 1069 3249 libenter
1083 3159 1269 3240 pariturum,
1283 3167 1316 3222 et

366 3280 402 3321 se
418 3281 475 3324 nec
485 3281 591 3343 posse,
607 3282 667 3324 nec
680 3263 760 3324 velle
773 3260 945 3337 declinare,
957 3260 1046 3343 quin,
1056 3259 1123 3338 ubi,
1134 3268 1166 3322 et
1178 3260 1319 3344 quando,

367 3371 400 3424 et
415 3362 576 3443 quomodo
586 3363 726 3440 debebit,
739 3364 854 3426 subeat
862 3362 1023 3446 judicium
1033 3361 1114 3447 ejus,
1123 3363 1173 3425 vel
1181 3362 1319 3441 illorum,

368 3462 470 3546 cnjus,
492 3464 543 3526 rel
566 3485 698 3546 quorum
716 3463 840 3547 judicio
863 3462 1012 3525 dominus
1033 3481 1119 3545 papa
1141 3483 1213 3524 eum
1237 3471 1319 3526 stare

367 3561 484 3625 debere
502 3562 694 3627 decreverit:
718 3565 843 3629 interim
866 3584 900 3625 se
922 3573 954 3625 et
969 3583 1044 3625 suos
1067 3562 1107 3625 ad
1128 3562 1317 3644 litigandum

366 3665 470 3745 urgeri
484 3686 551 3726 non
565 3686 671 3747 posse,
685 3687 747 3728 nec
759 3672 980 3747 paupertatem
995 3684 1085 3727 snam
1101 3663 1215 3727 adhoc
1231 3667 1317 3728 suffi-

366 3783 449 3841 cere,
464 3765 516 3827 eni
539 3767 634 3829 etiam
657 3767 808 3830 victualia
826 3766 954 3842 desunt,
968 3765 1032 3827 nisi
1054 3762 1320 3830 Christianissimi

365 3868 451 3950 regis
467 3869 662 3931 Francorum
677 3869 762 3931 vivat
782 3869 940 3952 expensis·
986 3867 1099 3930 Noluit
1119 3867 1204 3930 enim
1218 3869 1323 3952 prima

366 3969 449 4032 facie
480 3968 641 4033 declinare
659 3969 832 4054 judicium,
861 3970 919 4032 etsi
948 3969 1087 4053 aliquem
1116 3990 1226 4032 eorum
1246 3970 1320 4053 jure

367 4071 492 4154 optimo
514 4082 625 4154 posset
646 4072 762 4134 habere
785 4082 980 4155 suspectum,
1003 4092 1044 4134 nc
1071 4091 1216 4134 caussam
1238 4071 1321 4152 regis

363 4171 543 4257 justificare
559 4173 728 4253 videretur,
742 4195 804 4237 nec
821 4194 856 4236 se
872 4173 920 4236 liti
934 4174 1132 4255 immergere,
1150 4184 1321 4256 antequam

370 4274 412 4338 ad
428 4277 535 4339 omnia
550 4277 593 4341 sit
606 4279 781 4358 restitutus,
795 4290 830 4340 nt
852 4277 955 4361 possit
977 4295 1103 4339 causam
1128 4275 1322 4338 sufficienter

370 4374 537 4456 instruere,
552 4389 587 4441 ut
602 4379 777 4461 quemlibet
798 4377 931 4441 divitem
947 4374 1160 4439 adversarium
1180 4392 1246 4434 non
1262 4373 1322 4434 for-
