3384 5525
382 799 443 858 146
638 812 774 855 connais
791 808 1069 853 sannassmunnsrs
1234 794 1281 872 [a.
1301 812 1331 855 n.

380 963 502 1031 mundo
523 962 642 1047 praebet
662 959 855 1048 exemplum.
902 960 1001 1042 Agite
1021 960 1128 1036 etiam,
1153 978 1191 1024 ut
1215 961 1336 1023 Ebora-

381 1066 465 1129 censi
494 1063 730 1148 archiepiscopo
762 1061 981 1147 precipiatur,
1008 1073 1168 1148 quatenus
1197 1062 1333 1126 ecclesie

381 1167 614 1243 Cantuariensi,
640 1186 712 1246 quae
739 1176 786 1226 tot
810 1175 843 1226 et
870 1162 967 1226 tantis
991 1164 1253 1247 oppressionibus
1278 1162 1332 1226 diu

381 1263 483 1328 fracta
497 1278 556 1340 est,
572 1262 785 1326 obedientiam
802 1275 833 1326 et
851 1261 1078 1346 subjectionem
1094 1262 1256 1329 exhibeat.

379 1452 601 1515 EPISTOLA
629 1450 918 1514 CCXLVll.—ao
933 1466 1141 1511 winburnam
1157 1467 1333 1512 nnrrounu

456 1571 673 1615 sunearonan
690 1568 985 1614 cauruammrsau.
1034 1549 1079 1629 [A.
1096 1570 1128 1613 n.
1147 1551 1258 1631 nea]

382 1694 453 1757 Suo
468 1692 600 1754 Britoni
621 1695 797 1753 amicorum
817 1710 950 1752 auorum
970 1691 1125 1753 minimae
1143 1692 1333 1770 salutemet

461 1796 522 1857 Dei
533 1814 645 1874 gerere
658 1793 826 1856 salubriter
841 1794 1009 1875 infectura
1021 1795 1260 1874 prescriptum.

421 1905 574 1966 Anninus
597 1902 655 1967 tibi
678 1902 840 1965 molestam
865 1924 1007 1966 mearum
1030 1924 1096 1965 esse
1119 1901 1331 1989 frequentiam

378 2002 552 2084 literarum,
567 2004 723 2068 calamum
740 2005 795 2069 diu
815 2004 977 2089 suspendi,
992 2005 1262 2091 decreveramque
1284 2030 1331 2070 me

377 2128 441 2171 non
457 2106 541 2171 ultra
557 2129 711 2171 novorum
725 2106 930 2171 relationibus
942 2120 1029 2172 tuam
1041 2108 1230 2191 perturbere
1246 2110 1331 2194 quie·

377 2226 453 2273 tem.
499 2208 560 2273 Sed
577 2232 679 2295 quum
696 2222 759 2273 tam
776 2233 815 2272 ex
832 2208 984 2273 relatione
1000 2210 1129 2274 Osberti
1146 2213 1219 2287 mei,
1235 2234 1329 2297 quam

376 2334 414 2373 ex
440 2312 643 2376 attestatione
665 2311 775 2376 latoris
799 2310 1004 2395 praesentium
1029 2333 1079 2374 me
1101 2310 1182 2375 falsa
1203 2335 1330 2398 sugges

376 2412 461 2476 tione
490 2418 740 2479 circumventum
772 2412 871 2477 fuisse
901 2415 1114 2499 cognoverim,
1141 2436 1213 2478 ecce
1242 2427 1330 2481 muto

376 2514 588 2599 propositum,
605 2518 783 2600 scripturus
797 2514 837 2578 dc
853 2529 968 2578 caetero
984 2537 1084 2601 quum
1101 2514 1201 2580 fuerit
1215 2539 1330 2603 oppor-

375 2626 502 2691 tunum,
518 2638 555 2678 ea
570 2631 674 2681 tamen
692 2616 916 2696 moderatione,
929 2630 965 2682 ut
980 2640 1020 2681 ex
1035 2616 1216 2703 frequentia
1232 2617 1329 2705 scrip-

373 2716 487 2782 titandi
504 2718 600 2782 nimia
615 2717 767 2783 molestus
782 2742 849 2783 esse
864 2741 925 2783 non
942 2718 1084 2784 debeam.
1118 2720 1231 2809 Neque
1246 2720 1328 2785 enim

373 2843 423 2883 me
446 2819 602 2884 scribendi
629 2821 793 2884 cacoethes
819 2822 863 2884 sic
889 2822 1091 2907 impatienter
1110 2822 1266 2908 exagitat,
1293 2836 1328 2888 ut

372 2920 528 2985 calamum
542 2944 694 3005 nequeam
711 2922 883 2998 continere,
896 2920 949 2985 sed
966 2922 1113 3006 ingeram
1123 2922 1233 2988 invitis
1245 2927 1326 2988 auri-

372 3022 443 3104 bus,
458 3024 544 3110 qnod
561 3024 747 3089 fastidiosus
762 3024 891 3088 auditor
907 3023 946 3088 de
962 3027 1077 3089 rimoso
1092 3040 1222 3111 pectore
1240 3028 1327 3112 juste

373 3127 552 3207 suspicetur
567 3122 712 3188 effusum.
757 3127 808 3188 Tu
831 3146 916 3200 vero,
932 3138 1029 3210 prout
1045 3148 1084 3188 ex
1107 3126 1239 3191 caritate
1254 3150 1326 3213 pro·

372 3220 502 3286 deuntia
518 3224 636 3309 scripta
652 3226 816 3310 receperis,
833 3237 890 3290 aut
910 3225 1028 3311 stylum
1044 3226 1231 3305 refrenabis,
1245 3227 1326 3293 intra

372 3343 452 3405 quos
467 3322 691 3389 moderationis
712 3326 827 3390 limites
843 3325 940 3401 voles,
957 3340 1014 3391 aut
1031 3327 1106 3391 fidei
1123 3342 1155 3391 et
1178 3329 1324 3395 amicitiae

371 3424 508 3487 stimulis
537 3425 685 3489 affectum
717 3428 879 3513 diligentis
908 3429 1004 3492 etiam
1035 3451 1099 3493 non
1130 3430 1264 3494 amantis
1293 3434 1324 3496 in

369 3523 467 3589 verba
482 3547 574 3609 coges
589 3549 762 3613 erumpere.
808 3534 891 3595 Nam
913 3542 1032 3594 uttam
1052 3554 1240 3618 veroquam
1259 3531 1324 3596 vul-

367 3636 445 3706 gato
459 3627 628 3710 proverbio
652 3629 764 3692 tritum
781 3643 846 3694 est:
873 3631 1022 3694 Probatio
1037 3632 1228 3713 dilectionis,
1243 3634 1323 3698 etali-

368 3724 444 3788 litio
459 3735 505 3790 est
519 3732 631 3810 operia.
677 3730 739 3795 Sed
758 3753 868 3794 vereor
884 3754 922 3795 ne
942 3732 1091 3817 praesenti
1107 3733 1229 3820 scripto
1247 3732 1321 3798 mihi

366 3827 530 3908 proveniat
548 3831 634 3913 quod
648 3831 809 3907 cavebam,
821 3831 939 3896 scilicet
951 3855 990 3896 ne
1000 3855 1074 3897 vera
1086 3833 1207 3914 dicens,
1217 3834 1320 3898 amicis

366 3927 489 3991 aurium
516 3933 727 3996 teneritudine
750 3931 981 4011 laborantibus,
1002 3936 1178 4001 eorundem
1197 3938 1318 4024 jactura

366 4028 539 4111 pericliter:

472 4139 543 4190 Nam
556 4139 618 4207 quid
631 4157 694 4210 opus
706 4146 809 4195 teneras
821 4144 933 4197 mordaci
945 4144 1037 4200 rodere
1048 4145 1116 4202 ferro

473 4223 611 4276 Auriculas
619 4225 631 4273 Ρ

364 4319 478 4382 Dicam
518 4334 623 4382 tamen
662 4321 749 4405 quod
788 4322 925 4389 debetur
961 4326 1075 4404 officio,
1113 4333 1173 4395 etsi
1211 4331 1314 4396 virtuti

362 4443 538 4485 successum
571 4442 631 4482 non
664 4435 728 4485 tam
758 4424 889 4489 fortuna
914 4444 1115 4514 praereptura
1141 4431 1194 4511 sit,
1224 4451 1310 4518 quam
