3384 5525
377 802 435 861 lat
632 813 771 859 scaurus
786 812 1066 857 sauessasuausm
1233 792 1279 874 [a.
1297 816 1329 858 n.

375 966 530 1032 incertum
553 980 601 1030 est
622 988 662 1029 an
686 963 835 1029 dominus
861 986 945 1051 papa
971 963 1230 1029 Lombsrdorum
1253 965 1327 1030 velit

373 1069 484 1132 audire
497 1091 616 1153 preces,
626 1092 658 1131 se
672 1066 890 1131 transferendo
899 1067 939 1131 ad
952 1067 1038 1133 illos:
1060 1067 1204 1132 creditur
1213 1081 1327 1132 tamen.

372 1174 584 1257 Prosperatur
598 1183 705 1235 autem
721 1169 828 1234 adbuc
849 1169 1035 1251 Beneventi,
1050 1170 1107 1234 ubi
1123 1171 1232 1235 nuncii
1248 1171 1329 1257 regis

373 1274 509 1360 ciogliae,
524 1287 556 1337 et
578 1272 698 1338 domiui
717 1273 959 1337 cantuariensis
980 1272 1012 1336 iu
1035 1273 1138 1359 ipsius
1159 1273 1329 1359 praesentis

372 1389 598 1441 convenerunt.
642 1378 688 1441 Et
704 1375 833 1461 quidem
851 1375 981 1462 utrique
996 1375 1134 1461 benigne
1148 1388 1181 1441 et
1203 1377 1328 1441 honori·

372 1481 430 1544 fiee
445 1482 565 1567 recepti
581 1491 676 1553 sunt;
708 1478 763 1543 sed
785 1479 941 1565 regalium
963 1479 1046 1544 sicut
1064 1479 1195 1566 justitia
1216 1480 1328 1561 minor,

373 1584 417 1647 sic
441 1604 560 1669 pompa
585 1594 617 1646 et
643 1579 827 1644 divitiarum
855 1582 1028 1646 ostentatio
1053 1582 1164 1667 major.
1219 1583 1326 1659 Quum

371 1698 478 1749 autem
491 1685 655 1750 dominum
666 1706 781 1770 papam
794 1682 958 1748 blanditiis
969 1695 1002 1748 et
1017 1683 1180 1767 promissis
1191 1684 1327 1771 dejicere

371 1809 433 1852 non
449 1788 670 1874 praevalerent,
685 1786 726 1850 sd
747 1786 848 1850 minas
869 1789 1011 1850 conversi
1035 1801 1122 1860 sunt,
1139 1790 1327 1853 mentientes

371 1890 457 1976 quod
472 1913 528 1953 rex
543 1912 652 1953 eorum
670 1888 826 1953 Noradini
836 1888 932 1953 citius
947 1900 1136 1975 sequeretur
1150 1910 1284 1970 errores,
1295 1902 1326 1955 et

370 1992 544 2077 prophanae
553 1991 711 2075 religionis
721 1992 816 2056 iniret
827 1991 1034 2070 consortium,
1043 2013 1139 2077 quam
1152 1990 1185 2054 in
1197 1990 1326 2056 ecclesis

371 2095 593 2158 Cantuariensi
617 2093 775 2157 Thomam
802 2106 968 2181 pateretur
993 2093 1117 2159 diutius
1137 2093 1323 2181 episcopari.

371 2199 415 2259 At
441 2195 488 2257 vir
515 2196 575 2259 Dei
602 2218 659 2259 nec
686 2206 805 2259 terrore
830 2196 970 2272 concuti,
996 2217 1054 2259 nec
1079 2194 1189 2259 seduci
1219 2198 1323 2282 potnit

372 2296 605 2375 blandimentis,
615 2297 722 2382 eisque
730 2296 811 2361 duas
820 2319 1000 2383 proponens
1009 2297 1088 2374 vias,
1097 2296 1230 2362 alteram
1242 2298 1325 2377 ritoe,

371 2398 502 2463 alteram
518 2399 641 2476 mortis,
653 2397 815 2484 respondit
832 2421 885 2461 eos
898 2410 933 2463 ut
950 2412 1111 2485 coeperant
1123 2398 1218 2464 facile
1231 2423 1323 2486 posse

370 2512 553 2586 contempta
570 2501 674 2586 gratia
695 2512 727 2563 et
749 2497 905 2585 patientia
927 2500 1001 2576 Dei,
1016 2500 1220 2584 pereuntium
1245 2521 1324 2587 prre·

370 2603 590 2689 eligereviam:
608 2602 1323 2688 sedseDominopropitiantenonrecessurum

369 2705 456 2770 avia
470 2719 565 2773 recta·
603 2703 772 2771 Detumuit
789 2725 867 2789 ergo
881 2705 913 2768 in
930 2705 1019 2770 brevi
1036 2702 1179 2792 Spiritus
1193 2727 1321 2770 eorum:

368 2820 401 2873 et
417 2807 560 2872 videntes
574 2830 607 2872 se
621 2807 680 2872 bac
696 2806 746 2871 ris
760 2820 871 2872 contra
881 2807 1039 2893 justitiam
1054 2829 1118 2872 non
1140 2830 1233 2894 posse
1254 2830 1324 2896 pro·

369 2911 473 2992 licere,
489 2912 643 2976 miseruut
665 2913 696 2975 in
723 2909 860 2974 Siciliam
884 2912 1017 2975 nuncios
1038 2925 1071 2974 et
1094 2909 1219 2975 litteras
1240 2913 1322 2996 regis

369 3016 428 3090 sui,
451 3014 569 3101 quibus
595 3011 708 3077 muniti
732 3024 893 3090 venerant,
916 3024 951 3075 nt
976 3033 1038 3097 ope
1065 3010 1164 3077 Siculi
1188 3011 1272 3097 regis
1292 3024 1323 3076 et

367 3116 487 3200 reginae
502 3127 629 3201 possent
644 3113 766 3199 aliquid
781 3136 800 3176 a
814 3112 943 3176 domino
959 3134 1043 3199 papa
1057 3113 1212 3178 adversus
1226 3114 1320 3180 eoele-

369 3217 445 3279 siam
458 3216 637 3302 impetrare.
676 3217 739 3280 Sed
752 3215 1042 3281 christianissimus
1054 3236 1111 3280 rex
1125 3217 1319 3281 Francorum

369 3316 560 3400 praesagiens
583 3317 664 3379 hanc
688 3316 860 3380 versutiam
881 3316 1137 3401 malignantium,
1159 3315 1321 3380 Panormi-

367 3431 442 3482 tano
457 3416 558 3482 eleeto
578 3438 705 3480 causam
727 3418 866 3482 ecclesiae
886 3430 919 3483 et
941 3419 1061 3482 domini
1081 3419 1319 3484 cantuariensis

368 3517 601 3584 commendavit
630 3529 667 3582 ut
696 3520 869 3605 propriam.
925 3521 1007 3596 Quis
1028 3521 1214 3588 alterutrius
1237 3521 1320 3609 legs·

369 3622 464 3685 tionis
479 3619 642 3706 profectus
657 3620 709 3696 sit,
726 3620 880 3687 haetenus
896 3621 1072 3708 ignoratur.

410 3726 669 3808 supervenerunt
682 3719 807 3786 interim
824 3723 930 3788 nuntii
953 3723 1143 3809 legatorum,
1157 3748 1242 3812 quos
1264 3747 1316 3790 rex

367 3825 496 3910 Angliaa
509 3824 748 3908 impetraverat,
763 3824 893 3889 minime
906 3839 1079 3891 coarantes.
1125 3830 1210 3892 Nam
1232 3828 1319 3914 quic·

366 3929 445 4014 quid
461 3927 614 3990 cecinerat
629 3927 722 4005 alius,
737 3930 770 3992 in
785 3929 873 3994 curia
888 3929 1101 3996 decantabat:
1135 3931 1191 3996 sed
1208 3951 1267 3997 nec
1280 3930 1319 3995 de

270 4064 277 4082 a
364 4031 433 4096 istis
452 4042 574 4094 certum
592 4042 640 4093 est
663 4029 742 4115 quid
766 4031 828 4096 sint
851 4031 892 4095 ad
915 4033 1060 4099 dominos
1082 4056 1158 4098 suos
1180 4034 1317 4100 relaturi.

366 4132 587 4218 Supplicatum
603 4144 701 4194 estex
717 4146 809 4219 parte
824 4134 908 4220 regis
919 4149 951 4200 et
963 4135 1153 4221 legatorum,
1165 4135 1316 4201 adhibitis

364 4235 472 4301 multis
497 4233 767 4308 intercessoribus,
796 4237 926 4300 domino
957 4258 1050 4324 papas¹
1080 4259 1140 4325 pro
1170 4239 1316 4324 episcopo

364 4335 611 4402 saresberiensi:
644 4349 676 4400 et
703 4337 830 4401 tandem
857 4338 1025 4404 obtentum
1055 4353 1092 4405 ut
1118 4339 1147 4403 ei
1175 4359 1315 4404 summus

362 4442 504 4527 pontifex
531 4463 618 4505 suam
645 4441 819 4507 remitteret
851 4441 1000 4527 injuriam
1031 4455 1063 4508 et
1094 4443 1261 4525 offensam,
1284 4453 1313 4504 et
