3384 5525
366 771 478 850 llos]
756 789 938 835 irrisione.
1265 778 1326 837 tta

362 944 527 1006 voluntate
552 942 642 1005 vobis
665 943 767 1004 offerri
791 942 912 1017 dicitis,
928 944 1064 1008 faciatis.
1109 943 1174 1007 Sed
1197 945 1318 1007 utinam

361 1046 420 1108 illa
449 1046 586 1109 formula
615 1056 830 1120 conservetur,
862 1067 945 1129 quae,
974 1046 1179 1128 proveniente
1214 1067 1318 1109 rerum

364 1149 516 1227 utilitate,
531 1169 591 1211 nec
615 1149 761 1231 opinioni
783 1160 895 1211 restrae
917 1149 1114 1233 praejudicet,
1132 1169 1192 1211 nec
1216 1150 1321 1212 saluti.

364 1250 412 1312 Et
442 1248 572 1333 quidem
602 1249 763 1332 plerisque
792 1258 936 1311 nostrum
966 1251 1074 1312 oblata
1103 1261 1151 1311 est
1178 1249 1322 1313 conditio

364 1351 470 1433 pacis,
496 1351 554 1414 sed
578 1351 719 1432 exigitur
740 1352 781 1413 ab
808 1352 957 1414 omnibus
982 1352 1208 1433 juramentum,
1233 1350 1320 1434 quod

365 1454 436 1517 sine
453 1453 617 1533 religionis
632 1451 803 1536 dispendio
820 1472 886 1514 non
899 1453 993 1528 valet,
1007 1460 1041 1514 ut
1057 1452 1199 1526 arbitror,
1212 1455 1318 1514 obser-

366 1556 444 1618 vari.
483 1557 566 1618 Nam
584 1554 747 1639 quomodo
762 1554 845 1616 fides
860 1556 961 1617 illaesa
976 1554 1161 1630 servabitur,
1173 1555 1200 1615 si
1209 1566 1321 1637 pasto-

368 1655 461 1720 ribus
476 1668 510 1720 et
524 1658 662 1740 praelatis
677 1657 840 1740 subjectos
856 1658 889 1720 in
906 1657 966 1734 his,
982 1678 1054 1738 quae
1079 1656 1142 1718 Dei
1158 1666 1242 1731 sunt,
1256 1677 1322 1718 non

365 1758 465 1822 liceat
479 1756 632 1821 obedire?
655 1758 748 1820 Licet
763 1767 868 1820 autem
881 1757 1107 1819 inobedientiae
1120 1756 1241 1818 crimen
1256 1777 1321 1819 non

366 1862 565 1944 exprimatur
578 1861 612 1922 in
628 1860 787 1934 cautione,
802 1871 923 1922 certum
939 1878 1001 1921 uon
1018 1870 1068 1921 est
1090 1857 1167 1942 quid
1184 1871 1322 1922 vertatur

364 1962 399 2024 in
416 1961 524 2024 animo
539 1962 710 2043 exigentis.
755 1962 864 2023 Unum
882 1962 960 2039 scic,
975 1961 1061 2043 quod
1085 1982 1178 2023 nemo
1200 1961 1320 2024 domini

365 2064 452 2145 regis
487 2064 619 2144 gratiam
655 2063 773 2147 poterit
811 2063 957 2140 retinere,
992 2064 1045 2146 qui
1082 2062 1323 2146 archiepiscopo

367 2166 593 2232 Cantuariensi
608 2168 668 2229 sub
684 2167 745 2228 hac
761 2175 949 2246 tempestate
974 2176 1076 2229 servet
1094 2164 1322 2242 obedientiam,

365 2278 423 2330 aut
446 2288 520 2330 cum
543 2286 581 2329 eo
606 2266 754 2329 credatur
777 2266 895 2328 habere
919 2266 1059 2327 caritatis
1083 2265 1320 2327 commercium.

365 2370 435 2431 Vos
450 2378 557 2431 autem
575 2366 616 2430 de
630 2368 744 2430 ovibus
758 2366 828 2451 ejus
850 2368 939 2443 estis,
953 2382 997 2441 et,
1013 2379 1048 2428 ut
1075 2368 1199 2449 opinor,
1215 2368 1318 2449 ipsum

364 2471 506 2555 primum
520 2480 575 2533 aut
592 2471 677 2533 inter
699 2470 819 2553 primos
842 2492 862 2533 a
887 2470 1029 2532 Domino
1053 2470 1220 2551 recepistis
1246 2490 1319 2551 pas·

366 2585 479 2637 torem.
520 2571 636 2635 Videte
651 2593 737 2654 ergo,
752 2571 961 2634 dilectissime
978 2573 1082 2646 srater,
1098 2583 1129 2633 et
1145 2570 1319 2655 providete,

368 2684 406 2737 ut
420 2685 514 2737 caute
536 2674 716 2747 ambuletis,
731 2696 772 2736 ne
795 2674 999 2755 perturbatio,
1017 2674 1104 2756 quod
1128 2694 1146 2736 a
1172 2673 1324 2754 gravitate

368 2776 555 2861 philosophi
586 2798 711 2860 semper
743 2777 881 2840 alienum
912 2792 969 2855 est,
1000 2776 1182 2839 dominetur
1216 2778 1323 2839 animo

369 2890 482 2955 restro,
508 2900 560 2956 ne,
585 2878 657 2962 ipsa
681 2877 878 2964 impellente,
903 2880 966 2942 tale
998 2878 1074 2962 quid
1106 2876 1323 2955 committatis,

369 2981 465 3064 cujus
496 2980 699 3062 postmodum
727 3002 796 3043 sera
822 2982 862 3042 sit
893 2981 1089 3063 poenitentia.
1144 2979 1256 3042 Potius
1282 2978 1320 3042 ad

370 3082 533 3155 orationis,
560 3091 592 3145 et
616 3083 870 3164 elemosynarum
896 3102 982 3144 arma
1008 3081 1182 3160 confugite,
1209 3092 1244 3143 ut
1268 3103 1325 3144 vos

371 3184 461 3247 Deus
473 3205 547 3246 cum
560 3184 629 3247 aliis
638 3184 736 3266 justis
748 3183 887 3248 deducat
898 3204 954 3266 per
966 3183 1032 3245 vias
1044 3192 1156 3259 rectas,
1170 3192 1201 3245 et
1214 3186 1325 3246 ambu-

370 3287 436 3349 lare
450 3285 550 3348 faciat
564 3285 598 3346 in
613 3286 735 3349 semitis
756 3287 832 3365 suis,
848 3287 903 3369 qui
928 3285 1135 3366 diligentibus
1160 3308 1193 3348 se
1217 3288 1326 3350 omnia

369 3398 563 3470 cooperatur
573 3386 606 3448 in
617 3389 747 3450 bonum.
788 3389 849 3450 Ille
862 3410 917 3450 vos
929 3387 1091 3472 expediet,
1103 3387 1196 3471 cujus
1207 3409 1325 3451 nomen

369 3489 544 3552 fortissima
569 3489 665 3552 turris
688 3500 747 3566 est,
762 3500 794 3552 et
814 3491 874 3552 erit
887 3491 931 3552 rei
950 3490 1114 3573 jucundus
1138 3492 1254 3563 exitus,
1271 3490 1326 3572 qui

371 3593 469 3656 talem
486 3590 619 3654 habebit
633 3604 665 3653 et
679 3602 802 3655 tantum
819 3592 944 3655 ducem.

413 3693 583 3755 Tractatur
605 3691 645 3754 de
667 3714 748 3776 pace
770 3715 890 3775 regum,
911 3706 942 3756 et
965 3695 1069 3758 adhuc
1093 3694 1231 3758 creditur
1252 3715 1326 3775 pro·

369 3804 514 3857 ventura.
552 3794 670 3855 Noster
683 3794 809 3855 interim
827 3795 898 3857 silet
914 3797 1009 3858 orbis,
1045 3795 1143 3859 Unde
1158 3816 1217 3857 nec
1243 3816 1326 3857 nova

369 3895 491 3972 scribo,
515 3893 579 3956 nisi
605 3895 692 3977 quod
719 3915 826 3957 comes
857 3896 1040 3959 Leicestn'ee
1070 3896 1262 3959 obdormivit
1292 3895 1326 3956 in

368 3996 524 4060 Domino.
571 3994 689 4059 Comes
710 3996 870 4059 Patricius
891 4019 911 4060 a
937 4000 1164 4061 rebellantibus
1186 3996 1327 4060 Pictavis

370 4099 501 4162 occisus
530 4109 587 4161 est.
648 4098 808 4160 Dominus
835 4100 1040 4163 Carnotensis
1071 4102 1190 4163 electus
1217 4110 1265 4160 est
1294 4098 1327 4159 in

371 4199 654 4284 archiepiscopum
671 4200 901 4264 Senonensem.
946 4203 1068 4266 Valete.
