3384 5525
289 838 292 842 ¹
371 769 411 826 76
641 778 777 823 Jornurs
793 776 1075 822 sunssusaruusrs
1230 756 1277 836 [a.
1293 759 1325 817 n'.

370 954 509 1016 cumque
532 930 676 995 utilitatis
698 941 855 1014 praetextu
878 938 1053 993 creaturam
1075 928 1213 992 creatori
1242 950 1325 1011 prar-

366 1056 498 1119 ponere,
528 1034 612 1097 sicut
639 1036 753 1096 beatus
784 1031 880 1095 docet
902 1031 1076 1113 apostolus.
1121 1031 1214 1093 Mala
1235 1029 1323 1092 enim

368 1134 515 1199 facienda
529 1155 594 1196 non
610 1148 696 1207 sunt,
710 1144 745 1195 ut
756 1131 945 1216 proveniant
955 1133 1051 1207 bona,
1065 1152 1128 1195 neo
1141 1131 1219 1195 licet
1227 1130 1325 1193 alicui

369 1236 552 1319 dispensare
575 1246 688 1298 contra
710 1244 908 1317 praeceptum
931 1232 1075 1310 Domini,
1098 1231 1185 1315 quod
1201 1231 1235 1293 in
1251 1233 1323 1311 lege

367 1339 417 1402 rel
433 1338 600 1417 evangelio
624 1348 812 1419 perpetuam
841 1334 939 1397 habet
961 1355 1102 1397 causam.
1149 1334 1195 1397 Ut
1218 1344 1323 1395 autem

367 1439 445 1502 mihi
461 1438 590 1522 possitis
604 1435 805 1500 commodius
814 1434 993 1518 providere,
1002 1446 1038 1497 ut
1048 1435 1167 1496 clamor
1176 1433 1324 1517 pauperis

367 1541 501 1604 introeat
530 1540 679 1603 inaures
702 1550 831 1615 vestras,
861 1548 992 1621 quartus
1022 1537 1113 1599 exilii
1136 1537 1198 1599 mei
1221 1557 1323 1599 annus

369 1643 497 1726 elapsus
511 1652 571 1720 est,
594 1663 691 1726 quum
716 1653 822 1703 tamen
839 1638 969 1701 domino
984 1640 1051 1720 regi
1065 1660 1123 1723 per
1146 1662 1196 1703 me
1220 1653 1252 1702 et
1269 1660 1324 1722 per

369 1745 449 1807 alios
464 1766 550 1828 saepe
560 1744 740 1820 obtulerim,
755 1740 930 1824 quodlicet
941 1741 1141 1804 conscicntia
1154 1752 1322 1819 teste,non

369 1846 534 1908 meruerim
556 1845 633 1907 iram
657 1845 739 1928 ejus,
761 1855 868 1907 tamen
892 1863 949 1925 pro
979 1842 1197 1926 recuperanda
1223 1844 1323 1925 gratia

368 1947 448 2030 ejus,
462 1946 599 2008 libenter
610 1945 747 2008 facerem
764 1944 918 2028 quicquid
934 1944 963 2007 ei
979 1945 1130 2027 placeret,
1141 1946 1230 2008 salva
1244 1965 1319 2008 con·

367 2046 502 2110 scientia
513 2056 545 2108 et
554 2047 645 2108 famae
657 2047 846 2126 integritate.
891 2048 1007 2108 Actum
1019 2057 1067 2109 est
1078 2056 1184 2109 autem
1196 2068 1321 2110 mecum

368 2170 426 2233 per
448 2147 603 2232 quosdam
628 2147 829 2223 mediatores,
852 2162 888 2211 ut
910 2147 1090 2212 recederem
1113 2171 1133 2212 a
1154 2148 1319 2225 fidelitate,

368 2261 402 2313 et
416 2248 572 2330 obsequio
589 2248 711 2312 domini
721 2249 973 2327 Cautuariensis,
989 2264 1020 2314 et
1030 2251 1171 2335 jurarem
1185 2251 1320 2316 fidelita-

368 2362 432 2415 tem
443 2352 520 2432 regi,
531 2364 564 2414 et
574 2351 809 2415 observantium
822 2352 1090 2415 consuetudinum
1101 2354 1203 2433 regni.
1226 2353 1321 2426 Quod

368 2452 442 2535 quia
463 2451 566 2515 facere
588 2472 725 2534 nequeo,
747 2472 806 2514 nec
831 2452 914 2528 volo,
938 2452 1088 2535 quoniam
1111 2464 1222 2517 contra
1244 2475 1320 2518 con-

366 2554 531 2616 scientiam
554 2563 603 2615 est
632 2564 664 2615 et
692 2552 900 2629 honestatem,
922 2554 1120 2638 proscriptus
1150 2557 1262 2630 exulo,
1290 2566 1321 2618 et

365 2654 504 2716 exulabo
515 2653 662 2730 libenter,
673 2652 749 2715 dum
760 2654 831 2716 Deo
843 2654 1006 2736 placuerit.
1053 2655 1222 2739 Numquid
1234 2656 1319 2718 enim

366 2754 539 2819 obediendi
555 2753 779 2818 necessitatem
790 2776 941 2839 rumpens
956 2755 989 2818 in
1002 2755 1147 2839 periculo
1159 2757 1319 2833 ecclesiae,

364 2857 399 2920 iu
425 2878 521 2922 causa
551 2857 625 2934 Dei,
647 2867 767 2940 patrem
792 2868 825 2920 et
851 2856 1019 2920 domiuum
1046 2857 1202 2937 deseram,
1224 2869 1257 2923 et
1285 2859 1320 2922 iu

366 2958 613 3023 consuetudines
629 2958 747 3042 jurabo
771 2978 852 3039 quas
874 2958 955 3021 sacri
979 2978 1121 3021 canones
1137 2961 1319 3042 reprobant,

366 3070 398 3123 et
413 3060 560 3124 dominus
582 3080 666 3143 papa
687 3059 726 3123 de
750 3059 885 3122 consilio
909 3060 1037 3122 fratrum
1053 3059 1141 3142 apud
1164 3060 1319 3138 Senonas,

364 3161 455 3222 vobis
483 3160 573 3243 ipsis,
605 3159 652 3236 (ut
681 3158 807 3243 opinor)
830 3159 1037 3223 audientibus
1067 3159 1318 3225 condemnavit?

367 3259 460 3322 Certe
483 3261 715 3322 observantiam
737 3281 896 3324 canonum
913 3271 967 3324 aut
987 3262 1083 3324 etiam
1103 3262 1205 3345 ipsius
1225 3284 1320 3326 evan·

366 3360 440 3443 gelii
455 3380 520 3421 non
537 3359 687 3444 jurarem,
702 3361 865 3444 quoniam,
882 3373 916 3424 ut
937 3363 1112 3444 Apostolus
1127 3363 1320 3445 ingemiscit,

364 3463 398 3525 in
423 3461 529 3524 multis
551 3460 743 3524 offendimus
766 3483 887 3526 omnes.
932 3464 977 3528 Et
1000 3464 1106 3528 miuus
1128 3466 1248 3527 malum
1271 3474 1319 3528 est

366 3562 549 3646 simpliciter
564 3563 771 3645 prevaricari,
788 3586 883 3648 quam
899 3566 1191 3648 praevaricationem
1208 3587 1316 3630 cumu-

362 3667 429 3728 lare
452 3664 598 3748 perjurio.
644 3665 719 3730 Scio
742 3680 848 3731 atttem
871 3666 958 3750 quod
980 3667 1107 3752 perjurii
1130 3678 1186 3732 aut
1207 3669 1318 3732 inobe-

364 3767 495 3831 dieutiae
503 3767 794 3852 autcujuscumque
802 3769 1009 3852 turpitudinis
1018 3790 1176 3833 nemovos
1184 3769 1319 3833 habebit

363 3878 518 3932 auctores.
563 3868 627 3932 Sed
642 3869 718 3953 quia
738 3870 836 3932 timeo
851 3890 892 3932 ne
908 3890 964 3932 vos
979 3870 1098 3934 taedeat
1119 3869 1318 3934 verbositatis

363 3990 454 4044 meae,
472 3969 575 4031 verbis
589 3969 675 4033 huuc
686 3970 768 4032 facio
781 3969 890 4047 finem,
901 3972 1090 4053 supplicans
1099 3982 1135 4034 ut
1144 3993 1201 4036 vos
1213 3971 1317 4036 eccle·

364 4070 420 4134 siae
436 4066 554 4131 diutius
569 4068 786 4150 naufragantis
806 4069 963 4134 studeatis
983 4070 1075 4135 finire
1099 4071 1269 4149 miseriam,
1283 4082 1315 4145 et

363 4191 435 4254 quae
464 4167 560 4230 nobis
589 4167 709 4249 jugiter
743 4169 921 4233 inferuntur
949 4173 1138 4255 propulsare
1169 4170 1313 4256 iujurias.

362 4271 477 4334 Valeat
486 4289 612 4351 semper
620 4265 769 4331 dominus
781 4290 882 4348 meus,
893 4284 925 4334 et
934 4272 1182 4356 proscriptorum
1194 4270 1314 4336 Christi

363 4374 554 4437 misereatur.
604 4368 771 4435 intercedo
787 4371 872 4451 enim
890 4374 959 4437 vice
976 4374 1119 4440 omnium
1140 4375 1312 4439 coexulau·
