<?xml version="1.0" encoding="UTF-8"?>
<!DOCTYPE html PUBLIC "-//W3C//DTD XHTML 1.0 Transitional//EN"
    "http://www.w3.org/TR/xhtml1/DTD/xhtml1-transitional.dtd">
<html xmlns="http://www.w3.org/1999/xhtml" xml:lang="en" lang="en">
 <head>
  <title>
</title>
<meta http-equiv="Content-Type" content="text/html;charset=utf-8" />
  <meta name='ocr-system' content='tesseract 3.04.00' />
  <meta name='ocr-capabilities' content='ocr_page ocr_carea ocr_par ocr_line ocrx_word'/>
</head>
<body>
  <div class='ocr_page' id='page_1' title='image "./joannissaresber05johngoog_0021.png"; bbox 0 0 3384 5525; ppageno 0'>
   <div class='ocr_carea' id='block_1_1' title="bbox 372 784 1321 864">
    <p class='ocr_par' dir='ltr' id='par_1_1' title="bbox 372 784 1321 864">
     <span class='ocr_line' id='line_1_1' title="bbox 372 784 1321 864; baseline -0.006 -17"><span class='ocrx_word' id='word_1_1' title='bbox 372 785 481 864; x_wconf 75' lang='lat' dir='ltr'><strong>liae]</strong></span> <span class='ocrx_word' id='word_1_2' title='bbox 755 800 934 846; x_wconf 74' lang='lat' dir='ltr'><strong>arternum.</strong></span> <span class='ocrx_word' id='word_1_3' title='bbox 1302 784 1321 841; x_wconf 81' lang='grc'><strong>3</strong></span> 
     </span>
    </p>
   </div>
   <div class='ocr_carea' id='block_1_2' title="bbox 364 949 1321 2559">
    <p class='ocr_par' dir='ltr' id='par_1_2' title="bbox 364 949 1321 2559">
     <span class='ocr_line' id='line_1_2' title="bbox 366 949 1319 1036; baseline -0.007 -18"><span class='ocrx_word' id='word_1_4' title='bbox 366 965 575 1019; x_wconf 77' lang='lat' dir='ltr'>contraxerat.</span> <span class='ocrx_word' id='word_1_5' title='bbox 622 953 687 1018; x_wconf 89' lang='lat' dir='ltr'><strong>Sed</strong></span> <span class='ocrx_word' id='word_1_6' title='bbox 713 965 746 1019; x_wconf 89' lang='lat' dir='ltr'><strong>et</strong></span> <span class='ocrx_word' id='word_1_7' title='bbox 767 954 984 1028; x_wconf 70' lang='lat' dir='ltr'><strong>coloniensis,</strong></span> <span class='ocrx_word' id='word_1_8' title='bbox 1010 973 1109 1036; x_wconf 92' lang='lat' dir='ltr'><strong>quum</strong></span> <span class='ocrx_word' id='word_1_9' title='bbox 1134 949 1319 1014; x_wconf 87' lang='lat' dir='ltr'><strong>convocatis</strong></span> 
     </span>
     <span class='ocr_line' id='line_1_3' title="bbox 367 1054 1319 1130; baseline -0.002 -13"><span class='ocrx_word' id='word_1_10' title='bbox 367 1055 520 1118; x_wconf 86' lang='lat' dir='ltr'><strong>militibus</strong></span> <span class='ocrx_word' id='word_1_11' title='bbox 543 1057 710 1121; x_wconf 88' lang='lat' dir='ltr'><strong>accinctus</strong></span> <span class='ocrx_word' id='word_1_12' title='bbox 732 1064 817 1120; x_wconf 86' lang='lat' dir='ltr'><strong>esset</strong></span> <span class='ocrx_word' id='word_1_13' title='bbox 838 1055 879 1119; x_wconf 91' lang='lat' dir='ltr'><strong>ad</strong></span> <span class='ocrx_word' id='word_1_14' title='bbox 901 1054 1041 1119; x_wconf 90' lang='lat' dir='ltr'><strong>eundum</strong></span> <span class='ocrx_word' id='word_1_15' title='bbox 1063 1056 1098 1117; x_wconf 92' lang='lat' dir='ltr'><strong>in</strong></span> <span class='ocrx_word' id='word_1_16' title='bbox 1120 1054 1257 1130; x_wconf 88' lang='lat' dir='ltr'><strong>ltaliam,</strong></span> <span class='ocrx_word' id='word_1_17' title='bbox 1271 1073 1319 1116; x_wconf 86' lang='lat' dir='ltr'><strong>ar·</strong></span> 
     </span>
     <span class='ocr_line' id='line_1_4' title="bbox 364 1155 1320 1243; baseline -0.003 -24"><span class='ocrx_word' id='word_1_18' title='bbox 364 1168 472 1239; x_wconf 77' lang='lat' dir='ltr'><strong>septus</strong></span> <span class='ocrx_word' id='word_1_19' title='bbox 494 1169 544 1221; x_wconf 88' lang='lat' dir='ltr'><strong>est</strong></span> <span class='ocrx_word' id='word_1_20' title='bbox 569 1158 692 1243; x_wconf 85' lang='lat' dir='ltr'><strong>duplici</strong></span> <span class='ocrx_word' id='word_1_21' title='bbox 718 1158 865 1235; x_wconf 87' lang='lat' dir='ltr'><strong>tertiana,</strong></span> <span class='ocrx_word' id='word_1_22' title='bbox 890 1168 923 1222; x_wconf 90' lang='lat' dir='ltr'><strong>et</strong></span> <span class='ocrx_word' id='word_1_23' title='bbox 952 1179 990 1222; x_wconf 86' lang='lat' dir='ltr'><strong>ea</strong></span> <span class='ocrx_word' id='word_1_24' title='bbox 1013 1155 1095 1220; x_wconf 91' lang='lat' dir='ltr'><strong>adeo</strong></span> <span class='ocrx_word' id='word_1_25' title='bbox 1124 1157 1259 1233; x_wconf 87' lang='lat' dir='ltr'><strong>laborat,</strong></span> <span class='ocrx_word' id='word_1_26' title='bbox 1285 1166 1320 1217; x_wconf 93' lang='lat' dir='ltr'><strong>ut</strong></span> 
     </span>
     <span class='ocr_line' id='line_1_5' title="bbox 365 1257 1318 1341; baseline -0.002 -21"><span class='ocrx_word' id='word_1_27' title='bbox 365 1257 458 1340; x_wconf 88' lang='lat' dir='ltr'><strong>quasi</strong></span> <span class='ocrx_word' id='word_1_28' title='bbox 480 1269 601 1322; x_wconf 88' lang='lat' dir='ltr'><strong>certum</strong></span> <span class='ocrx_word' id='word_1_29' title='bbox 622 1260 665 1322; x_wconf 84' lang='lat' dir='ltr'><strong>sit</strong></span> <span class='ocrx_word' id='word_1_30' title='bbox 686 1280 759 1323; x_wconf 88' lang='lat' dir='ltr'><strong>cum</strong></span> <span class='ocrx_word' id='word_1_31' title='bbox 782 1269 857 1323; x_wconf 86' lang='lat' dir='ltr'><strong>ante</strong></span> <span class='ocrx_word' id='word_1_32' title='bbox 883 1259 1031 1341; x_wconf 86' lang='lat' dir='ltr'><strong>hyemem</strong></span> <span class='ocrx_word' id='word_1_33' title='bbox 1056 1258 1102 1320; x_wconf 91' lang='lat' dir='ltr'><strong>ire</strong></span> <span class='ocrx_word' id='word_1_34' title='bbox 1125 1278 1191 1320; x_wconf 89' lang='lat' dir='ltr'><strong>non</strong></span> <span class='ocrx_word' id='word_1_35' title='bbox 1211 1276 1318 1339; x_wconf 87' lang='lat' dir='ltr'><strong>posse.</strong></span> 
     </span>
     <span class='ocr_line' id='line_1_6' title="bbox 364 1355 1319 1441; baseline -0.003 -20"><span class='ocrx_word' id='word_1_36' title='bbox 364 1359 516 1422; x_wconf 82' lang='lat' dir='ltr'><strong>Promisit</strong></span> <span class='ocrx_word' id='word_1_37' title='bbox 529 1370 634 1423; x_wconf 88' lang='lat' dir='ltr'><strong>autem</strong></span> <span class='ocrx_word' id='word_1_38' title='bbox 657 1359 736 1423; x_wconf 91' lang='lat' dir='ltr'><strong>mihi</strong></span> <span class='ocrx_word' id='word_1_39' title='bbox 759 1361 793 1423; x_wconf 90' lang='lat' dir='ltr'><strong>in</strong></span> <span class='ocrx_word' id='word_1_40' title='bbox 816 1360 877 1424; x_wconf 89' lang='lat' dir='ltr'><strong>hac</strong></span> <span class='ocrx_word' id='word_1_41' title='bbox 901 1359 1088 1440; x_wconf 74' lang='lat' dir='ltr'><strong>aegritudine</strong></span> <span class='ocrx_word' id='word_1_42' title='bbox 1103 1380 1172 1435; x_wconf 88' lang='lat' dir='ltr'><strong>sua,</strong></span> <span class='ocrx_word' id='word_1_43' title='bbox 1187 1355 1275 1441; x_wconf 90' lang='lat' dir='ltr'><strong>quod</strong></span> <span class='ocrx_word' id='word_1_44' title='bbox 1290 1356 1319 1418; x_wconf 89' lang='lat' dir='ltr'><strong>si</strong></span> 
     </span>
     <span class='ocr_line' id='line_1_7' title="bbox 364 1458 1318 1544; baseline 0.001 -24"><span class='ocrx_word' id='word_1_45' title='bbox 364 1459 488 1543; x_wconf 88' lang='lat' dir='ltr'><strong>ipsein</strong></span> <span class='ocrx_word' id='word_1_46' title='bbox 508 1462 635 1524; x_wconf 89' lang='lat' dir='ltr'><strong>Italiam</strong></span> <span class='ocrx_word' id='word_1_47' title='bbox 656 1482 722 1523; x_wconf 90' lang='lat' dir='ltr'><strong>non</strong></span> <span class='ocrx_word' id='word_1_48' title='bbox 741 1461 846 1538; x_wconf 87' lang='lat' dir='ltr'><strong>iverit,</strong></span> <span class='ocrx_word' id='word_1_49' title='bbox 860 1462 924 1525; x_wconf 84' lang='lat' dir='ltr'><strong>sire</strong></span> <span class='ocrx_word' id='word_1_50' title='bbox 947 1462 1119 1544; x_wconf 88' lang='lat' dir='ltr'><strong>imperator</strong></span> <span class='ocrx_word' id='word_1_51' title='bbox 1137 1459 1230 1521; x_wconf 86' lang='lat' dir='ltr'><strong>iverit</strong></span> <span class='ocrx_word' id='word_1_52' title='bbox 1251 1458 1318 1521; x_wconf 85' lang='lat' dir='ltr'><strong>sive</strong></span> 
     </span>
     <span class='ocr_line' id='line_1_8' title="bbox 365 1562 1319 1643; baseline 0.001 -22"><span class='ocrx_word' id='word_1_53' title='bbox 365 1581 444 1639; x_wconf 90' lang='lat' dir='ltr'><strong>non,</strong></span> <span class='ocrx_word' id='word_1_54' title='bbox 462 1562 598 1625; x_wconf 89' lang='lat' dir='ltr'><strong>consilio</strong></span> <span class='ocrx_word' id='word_1_55' title='bbox 620 1562 887 1640; x_wconf 82' lang='lat' dir='ltr'><strong>Cistertiensium,</strong></span> <span class='ocrx_word' id='word_1_56' title='bbox 910 1572 942 1625; x_wconf 92' lang='lat' dir='ltr'><strong>et</strong></span> <span class='ocrx_word' id='word_1_57' title='bbox 963 1563 1047 1643; x_wconf 87' lang='lat' dir='ltr'><strong>regis</strong></span> <span class='ocrx_word' id='word_1_58' title='bbox 1069 1563 1273 1636; x_wconf 84' lang='lat' dir='ltr'><strong>Francorum,</strong></span> <span class='ocrx_word' id='word_1_59' title='bbox 1287 1570 1319 1622; x_wconf 89' lang='lat' dir='ltr'><strong>et</strong></span> 
     </span>
     <span class='ocr_line' id='line_1_9' title="bbox 368 1661 1317 1746; baseline 0.003 -25"><span class='ocrx_word' id='word_1_60' title='bbox 368 1672 470 1725; x_wconf 86' lang='lat' dir='ltr'><strong>vestro</strong></span> <span class='ocrx_word' id='word_1_61' title='bbox 482 1684 516 1726; x_wconf 90' lang='lat' dir='ltr'><strong>se</strong></span> <span class='ocrx_word' id='word_1_62' title='bbox 528 1664 705 1727; x_wconf 88' lang='lat' dir='ltr'><strong>committet</strong></span> <span class='ocrx_word' id='word_1_63' title='bbox 720 1663 760 1728; x_wconf 89' lang='lat' dir='ltr'><strong>de</strong></span> <span class='ocrx_word' id='word_1_64' title='bbox 775 1661 924 1727; x_wconf 86' lang='lat' dir='ltr'><strong>facienda</strong></span> <span class='ocrx_word' id='word_1_65' title='bbox 938 1683 1020 1746; x_wconf 90' lang='lat' dir='ltr'><strong>pace</strong></span> <span class='ocrx_word' id='word_1_66' title='bbox 1035 1684 1109 1726; x_wconf 91' lang='lat' dir='ltr'><strong>cum</strong></span> <span class='ocrx_word' id='word_1_67' title='bbox 1123 1683 1210 1746; x_wconf 88' lang='lat' dir='ltr'><strong>papa</strong></span> <span class='ocrx_word' id='word_1_68' title='bbox 1220 1664 1317 1725; x_wconf 87' lang='lat' dir='ltr'><strong>Alex·</strong></span> 
     </span>
     <span class='ocr_line' id='line_1_10' title="bbox 367 1763 1320 1849; baseline 0.001 -24"><span class='ocrx_word' id='word_1_69' title='bbox 367 1763 477 1827; x_wconf 89' lang='lat' dir='ltr'><strong>andro.</strong></span> <span class='ocrx_word' id='word_1_70' title='bbox 521 1766 567 1828; x_wconf 92' lang='lat' dir='ltr'><strong>Et</strong></span> <span class='ocrx_word' id='word_1_71' title='bbox 590 1765 636 1828; x_wconf 89' lang='lat' dir='ltr'><strong>ita</strong></span> <span class='ocrx_word' id='word_1_72' title='bbox 661 1766 812 1849; x_wconf 89' lang='lat' dir='ltr'><strong>proponit</strong></span> <span class='ocrx_word' id='word_1_73' title='bbox 838 1765 995 1842; x_wconf 87' lang='lat' dir='ltr'><strong>ordinare,</strong></span> <span class='ocrx_word' id='word_1_74' title='bbox 1019 1777 1054 1827; x_wconf 92' lang='lat' dir='ltr'><strong>ut</strong></span> <span class='ocrx_word' id='word_1_75' title='bbox 1082 1763 1320 1849; x_wconf 87' lang='lat' dir='ltr'><strong>quodammodo</strong></span> 
     </span>
     <span class='ocr_line' id='line_1_11' title="bbox 366 1863 1318 1945; baseline -0.002 -18"><span class='ocrx_word' id='word_1_76' title='bbox 366 1875 497 1945; x_wconf 80' lang='lat' dir='ltr'><strong>cogatur</strong></span> <span class='ocrx_word' id='word_1_77' title='bbox 512 1888 531 1929; x_wconf 91' lang='lat' dir='ltr'><strong>a</strong></span> <span class='ocrx_word' id='word_1_78' title='bbox 546 1867 632 1929; x_wconf 88' lang='lat' dir='ltr'><strong>clero</strong></span> <span class='ocrx_word' id='word_1_79' title='bbox 653 1886 711 1929; x_wconf 85' lang='lat' dir='ltr'><strong>auo</strong></span> <span class='ocrx_word' id='word_1_80' title='bbox 733 1866 768 1928; x_wconf 89' lang='lat' dir='ltr'><strong>id</strong></span> <span class='ocrx_word' id='word_1_81' title='bbox 782 1864 898 1930; x_wconf 85' lang='lat' dir='ltr'><strong>facere.</strong></span> <span class='ocrx_word' id='word_1_82' title='bbox 944 1863 1036 1928; x_wconf 88' lang='lat' dir='ltr'><strong>Istud</strong></span> <span class='ocrx_word' id='word_1_83' title='bbox 1059 1864 1093 1926; x_wconf 91' lang='lat' dir='ltr'><strong>in</strong></span> <span class='ocrx_word' id='word_1_84' title='bbox 1116 1865 1318 1927; x_wconf 88' lang='lat' dir='ltr'><strong>confessione</strong></span> 
     </span>
     <span class='ocr_line' id='line_1_12' title="bbox 365 1964 1320 2049; baseline 0.002 -24"><span class='ocrx_word' id='word_1_85' title='bbox 365 1965 458 2028; x_wconf 87' lang='lat' dir='ltr'><strong>vobis</strong></span> <span class='ocrx_word' id='word_1_86' title='bbox 473 1966 590 2044; x_wconf 91' lang='lat' dir='ltr'><strong>scribo,</strong></span> <span class='ocrx_word' id='word_1_87' title='bbox 601 1966 687 2029; x_wconf 90' lang='lat' dir='ltr'><strong>sicut</strong></span> <span class='ocrx_word' id='word_1_88' title='bbox 699 1967 780 2049; x_wconf 89' lang='lat' dir='ltr'><strong>patri</strong></span> <span class='ocrx_word' id='word_1_89' title='bbox 795 1977 828 2029; x_wconf 90' lang='lat' dir='ltr'><strong>et</strong></span> <span class='ocrx_word' id='word_1_90' title='bbox 842 1964 983 2042; x_wconf 92' lang='lat' dir='ltr'><strong>domino,</strong></span> <span class='ocrx_word' id='word_1_91' title='bbox 992 1976 1029 2028; x_wconf 93' lang='lat' dir='ltr'><strong>ut</strong></span> <span class='ocrx_word' id='word_1_92' title='bbox 1044 1966 1085 2030; x_wconf 84' lang='lat' dir='ltr'><strong>sit</strong></span> <span class='ocrx_word' id='word_1_93' title='bbox 1095 1965 1320 2030; x_wconf 82' lang='lat' dir='ltr'><strong>absconditum</strong></span> 
     </span>
     <span class='ocr_line' id='line_1_13' title="bbox 367 2066 1320 2151; baseline -0.001 -22"><span class='ocrx_word' id='word_1_94' title='bbox 367 2087 466 2149; x_wconf 84' lang='lat' dir='ltr'><strong>penes</strong></span> <span class='ocrx_word' id='word_1_95' title='bbox 481 2089 548 2146; x_wconf 82' lang='lat' dir='ltr'><strong>vos,</strong></span> <span class='ocrx_word' id='word_1_96' title='bbox 570 2066 675 2131; x_wconf 89' lang='lat' dir='ltr'><strong>donec</strong></span> <span class='ocrx_word' id='word_1_97' title='bbox 691 2066 867 2143; x_wconf 82' lang='lat' dir='ltr'><strong>videamus,</strong></span> <span class='ocrx_word' id='word_1_98' title='bbox 891 2069 917 2130; x_wconf 89' lang='lat' dir='ltr'><strong>si</strong></span> <span class='ocrx_word' id='word_1_99' title='bbox 939 2088 990 2131; x_wconf 87' lang='lat' dir='ltr'><strong>res</strong></span> <span class='ocrx_word' id='word_1_100' title='bbox 1010 2067 1149 2151; x_wconf 79' lang='lat' dir='ltr'><strong>aliquem</strong></span> <span class='ocrx_word' id='word_1_101' title='bbox 1171 2066 1320 2129; x_wconf 88' lang='lat' dir='ltr'><strong>habitura</strong></span> 
     </span>
     <span class='ocr_line' id='line_1_14' title="bbox 368 2168 1320 2247; baseline 0.002 -18"><span class='ocrx_word' id='word_1_102' title='bbox 368 2168 411 2231; x_wconf 87' lang='lat' dir='ltr'><strong>sit</strong></span> <span class='ocrx_word' id='word_1_103' title='bbox 424 2170 583 2233; x_wconf 85' lang='lat' dir='ltr'><strong>effectum.</strong></span> <span class='ocrx_word' id='word_1_104' title='bbox 630 2170 666 2233; x_wconf 88' lang='lat' dir='ltr'><strong>Si</strong></span> <span class='ocrx_word' id='word_1_105' title='bbox 680 2192 699 2233; x_wconf 93' lang='lat' dir='ltr'><strong>a</strong></span> <span class='ocrx_word' id='word_1_106' title='bbox 714 2170 833 2235; x_wconf 87' lang='lat' dir='ltr'><strong>debitis</strong></span> <span class='ocrx_word' id='word_1_107' title='bbox 848 2172 928 2235; x_wconf 90' lang='lat' dir='ltr'><strong>meis</strong></span> <span class='ocrx_word' id='word_1_108' title='bbox 942 2170 1030 2234; x_wconf 83' lang='lat' dir='ltr'><strong>luero</strong></span> <span class='ocrx_word' id='word_1_109' title='bbox 1045 2172 1209 2247; x_wconf 87' lang='lat' dir='ltr'><strong>liberatus,</strong></span> <span class='ocrx_word' id='word_1_110' title='bbox 1223 2169 1320 2232; x_wconf 88' lang='lat' dir='ltr'><strong>etiam</strong></span> 
     </span>
     <span class='ocr_line' id='line_1_15' title="bbox 368 2272 1321 2355; baseline 0.001 -23"><span class='ocrx_word' id='word_1_111' title='bbox 368 2291 435 2333; x_wconf 91' lang='lat' dir='ltr'><strong>non</strong></span> <span class='ocrx_word' id='word_1_112' title='bbox 449 2282 580 2335; x_wconf 88' lang='lat' dir='ltr'><strong>vocatus</strong></span> <span class='ocrx_word' id='word_1_113' title='bbox 595 2294 615 2335; x_wconf 85' lang='lat' dir='ltr'><strong>a</strong></span> <span class='ocrx_word' id='word_1_114' title='bbox 629 2272 722 2336; x_wconf 90' lang='lat' dir='ltr'><strong>vobis</strong></span> <span class='ocrx_word' id='word_1_115' title='bbox 743 2272 863 2337; x_wconf 85' lang='lat' dir='ltr'><strong>redibo.</strong></span> <span class='ocrx_word' id='word_1_116' title='bbox 909 2272 1023 2336; x_wconf 89' lang='lat' dir='ltr'><strong>Medio</strong></span> <span class='ocrx_word' id='word_1_117' title='bbox 1044 2283 1152 2336; x_wconf 90' lang='lat' dir='ltr'><strong>tamen</strong></span> <span class='ocrx_word' id='word_1_118' title='bbox 1166 2282 1321 2355; x_wconf 85' lang='lat' dir='ltr'><strong>tempore,</strong></span> 
     </span>
     <span class='ocr_line' id='line_1_16' title="bbox 369 2372 1321 2458; baseline 0.001 -25"><span class='ocrx_word' id='word_1_119' title='bbox 369 2372 397 2433; x_wconf 90' lang='lat' dir='ltr'><strong>si</strong></span> <span class='ocrx_word' id='word_1_120' title='bbox 409 2372 500 2436; x_wconf 90' lang='lat' dir='ltr'><strong>vobis</strong></span> <span class='ocrx_word' id='word_1_121' title='bbox 514 2374 547 2435; x_wconf 92' lang='lat' dir='ltr'><strong>in</strong></span> <span class='ocrx_word' id='word_1_122' title='bbox 563 2374 671 2458; x_wconf 87' lang='lat' dir='ltr'><strong>aliquo</strong></span> <span class='ocrx_word' id='word_1_123' title='bbox 688 2396 739 2438; x_wconf 90' lang='lat' dir='ltr'><strong>me</strong></span> <span class='ocrx_word' id='word_1_124' title='bbox 753 2376 944 2439; x_wconf 75' lang='lat' dir='ltr'><strong>intellexero</strong></span> <span class='ocrx_word' id='word_1_125' title='bbox 959 2375 1184 2451; x_wconf 87' lang='lat' dir='ltr'><strong>necessarium,</strong></span> <span class='ocrx_word' id='word_1_126' title='bbox 1196 2393 1321 2457; x_wconf 83' lang='lat' dir='ltr'><strong>semper</strong></span> 
     </span>
     <span class='ocr_line' id='line_1_17' title="bbox 365 2474 1015 2559; baseline 0.002 -23"><span class='ocrx_word' id='word_1_127' title='bbox 365 2474 408 2537; x_wconf 91' lang='lat' dir='ltr'><strong>ad</strong></span> <span class='ocrx_word' id='word_1_128' title='bbox 423 2475 621 2539; x_wconf 86' lang='lat' dir='ltr'><strong>redeundum</strong></span> <span class='ocrx_word' id='word_1_129' title='bbox 636 2485 766 2559; x_wconf 86' lang='lat' dir='ltr'><strong>paratus</strong></span> <span class='ocrx_word' id='word_1_130' title='bbox 781 2497 848 2541; x_wconf 89' lang='lat' dir='ltr'><strong>ero.</strong></span> <span class='ocrx_word' id='word_1_131' title='bbox 892 2477 1015 2541; x_wconf 88' lang='lat' dir='ltr'><strong>Valete.</strong></span> 
     </span>
    </p>
   </div>
   <div class='ocr_carea' id='block_1_3' title="bbox 381 2778 1306 2968">
    <p class='ocr_par' dir='ltr' id='par_1_3' title="bbox 381 2778 1306 2968">
     <span class='ocr_line' id='line_1_18' title="bbox 381 2778 1306 2849; baseline -0.001 -4"><span class='ocrx_word' id='word_1_132' title='bbox 381 2778 604 2846; x_wconf 82' lang='lat' dir='ltr'><strong>EPISTOLA</strong></span> <span class='ocrx_word' id='word_1_133' title='bbox 626 2785 856 2849; x_wconf 68' lang='lat' dir='ltr'><strong>exoli—ln</strong></span> <span class='ocrx_word' id='word_1_134' title='bbox 871 2803 952 2848; x_wconf 75' lang='lat' dir='ltr'><strong>uae.</strong></span> <span class='ocrx_word' id='word_1_135' title='bbox 968 2803 1108 2848; x_wconf 73' lang='lat' dir='ltr'><strong>mnunr.</strong></span> <span class='ocrx_word' id='word_1_136' title='bbox 1124 2801 1306 2848; x_wconf 77' lang='lat' dir='ltr'><strong>caxovran-</strong></span> 
     </span>
     <span class='ocr_line' id='line_1_19' title="bbox 682 2884 1003 2968; baseline -0.003 -21"><span class='ocrx_word' id='word_1_137' title='bbox 682 2903 760 2948; x_wconf 82' lang='lat' dir='ltr'><strong>snu.</strong></span> <span class='ocrx_word' id='word_1_138' title='bbox 784 2884 829 2968; x_wconf 78' lang='lat' dir='ltr'><strong>[A.</strong></span> <span class='ocrx_word' id='word_1_139' title='bbox 841 2904 875 2947; x_wconf 88' lang='lat' dir='ltr'><strong>n.</strong></span> <span class='ocrx_word' id='word_1_140' title='bbox 893 2884 1003 2962; x_wconf 75' lang='lat' dir='ltr'><strong>ilua]</strong></span> 
     </span>
    </p>
   </div>
   <div class='ocr_carea' id='block_1_4' title="bbox 369 3044 1323 3211">
    <p class='ocr_par' dir='ltr' id='par_1_4' title="bbox 369 3044 1323 3211">
     <span class='ocr_line' id='line_1_20' title="bbox 369 3044 1323 3128; baseline 0 -20"><span class='ocrx_word' id='word_1_141' title='bbox 369 3047 516 3110; x_wconf 78' lang='lat' dir='ltr'><strong>Joanuea</strong></span> <span class='ocrx_word' id='word_1_142' title='bbox 536 3045 793 3110; x_wconf 80' lang='lat' dir='ltr'><strong>Saresberienaia</strong></span> <span class='ocrx_word' id='word_1_143' title='bbox 815 3044 976 3125; x_wconf 72' lang='lat' dir='ltr'><strong>Mapa&#39;atro</strong></span> <span class='ocrx_word' id='word_1_144' title='bbox 991 3044 1166 3128; x_wconf 73' lang='lat' dir='ltr'><strong>Radulpllo</strong></span> <span class='ocrx_word' id='word_1_145' title='bbox 1188 3045 1323 3108; x_wconf 64' lang='lat' dir='ltr'><strong>[exom-</strong></span> 
     </span>
     <span class='ocr_line' id='line_1_21' title="bbox 807 3167 888 3211; baseline 0 -1"><span class='ocrx_word' id='word_1_146' title='bbox 807 3167 888 3211; x_wconf 74' lang='lat' dir='ltr'><strong>ensa.</strong></span> 
     </span>
    </p>
   </div>
   <div class='ocr_carea' id='block_1_5' title="bbox 361 3282 1324 4388">
    <p class='ocr_par' dir='ltr' id='par_1_5' title="bbox 361 3282 1324 4388">
     <span class='ocr_line' id='line_1_22' title="bbox 410 3282 1320 3347; baseline 0.002 -3"><span class='ocrx_word' id='word_1_147' title='bbox 410 3283 551 3345; x_wconf 71' lang='lat' dir='ltr'><strong>Lunum</strong></span> <span class='ocrx_word' id='word_1_148' title='bbox 573 3292 638 3347; x_wconf 89' lang='lat' dir='ltr'><strong>tuae</strong></span> <span class='ocrx_word' id='word_1_149' title='bbox 659 3283 740 3346; x_wconf 88' lang='lat' dir='ltr'><strong>mihi</strong></span> <span class='ocrx_word' id='word_1_150' title='bbox 759 3283 1011 3347; x_wconf 83' lang='lat' dir='ltr'><strong>consolationem</strong></span> <span class='ocrx_word' id='word_1_151' title='bbox 1034 3294 1067 3346; x_wconf 91' lang='lat' dir='ltr'><strong>et</strong></span> <span class='ocrx_word' id='word_1_152' title='bbox 1088 3282 1320 3346; x_wconf 82' lang='lat' dir='ltr'><strong>desolationem</strong></span> 
     </span>
     <span class='ocr_line' id='line_1_23' title="bbox 366 3383 1321 3466; baseline 0.001 -20"><span class='ocrx_word' id='word_1_153' title='bbox 366 3384 483 3466; x_wconf 88' lang='lat' dir='ltr'><strong>pariter</strong></span> <span class='ocrx_word' id='word_1_154' title='bbox 503 3383 687 3461; x_wconf 88' lang='lat' dir='ltr'><strong>attulerunt,</strong></span> <span class='ocrx_word' id='word_1_155' title='bbox 709 3384 773 3447; x_wconf 90' lang='lat' dir='ltr'><strong>nisi</strong></span> <span class='ocrx_word' id='word_1_156' title='bbox 794 3385 836 3448; x_wconf 91' lang='lat' dir='ltr'><strong>ad</strong></span> <span class='ocrx_word' id='word_1_157' title='bbox 861 3405 935 3448; x_wconf 90' lang='lat' dir='ltr'><strong>eum</strong></span> <span class='ocrx_word' id='word_1_158' title='bbox 958 3404 1121 3448; x_wconf 86' lang='lat' dir='ltr'><strong>recurrens</strong></span> <span class='ocrx_word' id='word_1_159' title='bbox 1142 3384 1321 3462; x_wconf 82' lang='lat' dir='ltr'><strong>meditatio,</strong></span> 
     </span>
     <span class='ocr_line' id='line_1_24' title="bbox 368 3484 1320 3568; baseline -0.001 -20"><span class='ocrx_word' id='word_1_160' title='bbox 368 3485 425 3568; x_wconf 92' lang='lat' dir='ltr'><strong>qui</strong></span> <span class='ocrx_word' id='word_1_161' title='bbox 439 3507 499 3548; x_wconf 90' lang='lat' dir='ltr'><strong>nos</strong></span> <span class='ocrx_word' id='word_1_162' title='bbox 518 3486 656 3549; x_wconf 88' lang='lat' dir='ltr'><strong>inomni</strong></span> <span class='ocrx_word' id='word_1_163' title='bbox 677 3486 882 3551; x_wconf 89' lang='lat' dir='ltr'><strong>tribulatione</strong></span> <span class='ocrx_word' id='word_1_164' title='bbox 903 3486 1096 3560; x_wconf 88' lang='lat' dir='ltr'><strong>consolatur,</strong></span> <span class='ocrx_word' id='word_1_165' title='bbox 1111 3484 1320 3550; x_wconf 83' lang='lat' dir='ltr'><strong>desolationis</strong></span> 
     </span>
     <span class='ocr_line' id='line_1_25' title="bbox 367 3587 1322 3673; baseline 0.001 -23"><span class='ocrx_word' id='word_1_166' title='bbox 367 3589 497 3651; x_wconf 90' lang='lat' dir='ltr'><strong>aculeos</strong></span> <span class='ocrx_word' id='word_1_167' title='bbox 512 3587 663 3651; x_wconf 86' lang='lat' dir='ltr'><strong>facillime</strong></span> <span class='ocrx_word' id='word_1_168' title='bbox 686 3598 718 3652; x_wconf 89' lang='lat' dir='ltr'><strong>et</strong></span> <span class='ocrx_word' id='word_1_169' title='bbox 733 3588 885 3652; x_wconf 87' lang='lat' dir='ltr'><strong>citissime</strong></span> <span class='ocrx_word' id='word_1_170' title='bbox 909 3587 1093 3673; x_wconf 85' lang='lat' dir='ltr'><strong>depulisset.</strong></span> <span class='ocrx_word' id='word_1_171' title='bbox 1130 3589 1202 3652; x_wconf 86' lang='lat' dir='ltr'><strong>Nos</strong></span> <span class='ocrx_word' id='word_1_172' title='bbox 1223 3587 1322 3666; x_wconf 92' lang='lat' dir='ltr'><strong>enim,</strong></span> 
     </span>
     <span class='ocr_line' id='line_1_26' title="bbox 369 3682 1322 3776; baseline 0.003 -24"><span class='ocrx_word' id='word_1_173' title='bbox 369 3689 443 3752; x_wconf 89' lang='lat' dir='ltr'><strong>Deo</strong></span> <span class='ocrx_word' id='word_1_174' title='bbox 451 3689 656 3774; x_wconf 87' lang='lat' dir='ltr'><strong>propitiante,</strong></span> <span class='ocrx_word' id='word_1_175' title='bbox 664 3691 850 3771; x_wconf 85' lang='lat' dir='ltr'><strong>navigamus</strong></span> <span class='ocrx_word' id='word_1_176' title='bbox 858 3691 891 3757; x_wconf 90' lang='lat' dir='ltr'><strong>in</strong></span> <span class='ocrx_word' id='word_1_177' title='bbox 901 3701 1006 3776; x_wconf 87' lang='lat' dir='ltr'><strong>portu,</strong></span> <span class='ocrx_word' id='word_1_178' title='bbox 1015 3700 1047 3754; x_wconf 91' lang='lat' dir='ltr'><strong>et</strong></span> <span class='ocrx_word' id='word_1_179' title='bbox 1056 3690 1112 3775; x_wconf 92' lang='lat' dir='ltr'><strong>qui</strong></span> <span class='ocrx_word' id='word_1_180' title='bbox 1120 3682 1322 3774; x_wconf 76' lang='lat' dir='ltr'><strong>sperantibus</strong></span> 
     </span>
     <span class='ocr_line' id='line_1_27' title="bbox 368 3790 1321 3877; baseline 0.003 -24"><span class='ocrx_word' id='word_1_181' title='bbox 368 3791 402 3853; x_wconf 93' lang='lat' dir='ltr'><strong>in</strong></span> <span class='ocrx_word' id='word_1_182' title='bbox 418 3813 452 3854; x_wconf 89' lang='lat' dir='ltr'><strong>se</strong></span> <span class='ocrx_word' id='word_1_183' title='bbox 467 3790 579 3854; x_wconf 89' lang='lat' dir='ltr'><strong>deesse</strong></span> <span class='ocrx_word' id='word_1_184' title='bbox 598 3813 664 3856; x_wconf 91' lang='lat' dir='ltr'><strong>non</strong></span> <span class='ocrx_word' id='word_1_185' title='bbox 683 3793 781 3871; x_wconf 86' lang='lat' dir='ltr'><strong>novit,</strong></span> <span class='ocrx_word' id='word_1_186' title='bbox 797 3813 894 3877; x_wconf 89' lang='lat' dir='ltr'><strong>supra</strong></span> <span class='ocrx_word' id='word_1_187' title='bbox 915 3803 948 3856; x_wconf 90' lang='lat' dir='ltr'><strong>et</strong></span> <span class='ocrx_word' id='word_1_188' title='bbox 962 3804 1073 3857; x_wconf 87' lang='lat' dir='ltr'><strong>eontra</strong></span> <span class='ocrx_word' id='word_1_189' title='bbox 1094 3790 1206 3857; x_wconf 84' lang='lat' dir='ltr'><strong>merita</strong></span> <span class='ocrx_word' id='word_1_190' title='bbox 1226 3793 1321 3857; x_wconf 79' lang='lat' dir='ltr'><strong>nobis</strong></span> 
     </span>
     <span class='ocr_line' id='line_1_28' title="bbox 366 3893 1321 3979; baseline 0.003 -23"><span class='ocrx_word' id='word_1_191' title='bbox 366 3893 407 3956; x_wconf 89' lang='lat' dir='ltr'><strong>ad</strong></span> <span class='ocrx_word' id='word_1_192' title='bbox 430 3893 664 3971; x_wconf 87' lang='lat' dir='ltr'><strong>sufficientiam,</strong></span> <span class='ocrx_word' id='word_1_193' title='bbox 679 3904 712 3958; x_wconf 90' lang='lat' dir='ltr'><strong>et</strong></span> <span class='ocrx_word' id='word_1_194' title='bbox 734 3896 820 3979; x_wconf 92' lang='lat' dir='ltr'><strong>quod</strong></span> <span class='ocrx_word' id='word_1_195' title='bbox 842 3895 911 3959; x_wconf 88' lang='lat' dir='ltr'><strong>sine</strong></span> <span class='ocrx_word' id='word_1_196' title='bbox 934 3895 1045 3958; x_wconf 92' lang='lat' dir='ltr'><strong>Divini</strong></span> <span class='ocrx_word' id='word_1_197' title='bbox 1065 3893 1188 3960; x_wconf 74' lang='lat' dir='ltr'><strong>ludicii</strong></span> <span class='ocrx_word' id='word_1_198' title='bbox 1210 3894 1321 3959; x_wconf 86' lang='lat' dir='ltr'><strong>timore</strong></span> 
     </span>
     <span class='ocr_line' id='line_1_29' title="bbox 368 3995 1320 4080; baseline 0.004 -23"><span class='ocrx_word' id='word_1_199' title='bbox 368 4017 433 4057; x_wconf 91' lang='lat' dir='ltr'><strong>non</strong></span> <span class='ocrx_word' id='word_1_200' title='bbox 458 3995 600 4079; x_wconf 90' lang='lat' dir='ltr'><strong>eloquor,</strong></span> <span class='ocrx_word' id='word_1_201' title='bbox 615 3998 795 4061; x_wconf 86' lang='lat' dir='ltr'><strong>necessarie</strong></span> <span class='ocrx_word' id='word_1_202' title='bbox 815 3998 973 4061; x_wconf 85' lang='lat' dir='ltr'><strong>ministrat</strong></span> <span class='ocrx_word' id='word_1_203' title='bbox 987 3996 1028 4061; x_wconf 88' lang='lat' dir='ltr'><strong>ad</strong></span> <span class='ocrx_word' id='word_1_204' title='bbox 1049 3997 1191 4080; x_wconf 84' lang='lat' dir='ltr'><strong>gloriam.</strong></span> <span class='ocrx_word' id='word_1_205' title='bbox 1236 3999 1320 4061; x_wconf 90' lang='lat' dir='ltr'><strong>Nam</strong></span> 
     </span>
     <span class='ocr_line' id='line_1_30' title="bbox 367 4097 1321 4185; baseline 0.004 -26"><span class='ocrx_word' id='word_1_206' title='bbox 367 4118 501 4174; x_wconf 84' lang='lat' dir='ltr'><strong>reversa,</strong></span> <span class='ocrx_word' id='word_1_207' title='bbox 516 4098 542 4160; x_wconf 91' lang='lat' dir='ltr'><strong>si</strong></span> <span class='ocrx_word' id='word_1_208' title='bbox 559 4099 671 4162; x_wconf 86' lang='lat' dir='ltr'><strong>merita</strong></span> <span class='ocrx_word' id='word_1_209' title='bbox 686 4097 909 4176; x_wconf 89' lang='lat' dir='ltr'><strong>discutiantur,</strong></span> <span class='ocrx_word' id='word_1_210' title='bbox 920 4099 1046 4182; x_wconf 83' lang='lat' dir='ltr'><strong>indigni</strong></span> <span class='ocrx_word' id='word_1_211' title='bbox 1060 4121 1181 4177; x_wconf 82' lang='lat' dir='ltr'><strong>sumus,</strong></span> <span class='ocrx_word' id='word_1_212' title='bbox 1191 4099 1248 4185; x_wconf 91' lang='lat' dir='ltr'><strong>qui</strong></span> <span class='ocrx_word' id='word_1_213' title='bbox 1263 4121 1321 4184; x_wconf 87' lang='lat' dir='ltr'><strong>pro</strong></span> 
     </span>
     <span class='ocr_line' id='line_1_31' title="bbox 361 4198 1321 4285; baseline 0.005 -24"><span class='ocrx_word' id='word_1_214' title='bbox 361 4198 488 4283; x_wconf 88' lang='lat' dir='ltr'><strong>justitia</strong></span> <span class='ocrx_word' id='word_1_215' title='bbox 507 4199 676 4282; x_wconf 88' lang='lat' dir='ltr'><strong>patiamur,</strong></span> <span class='ocrx_word' id='word_1_216' title='bbox 698 4201 776 4283; x_wconf 88' lang='lat' dir='ltr'><strong>quia</strong></span> <span class='ocrx_word' id='word_1_217' title='bbox 797 4201 908 4265; x_wconf 87' lang='lat' dir='ltr'><strong>talium</strong></span> <span class='ocrx_word' id='word_1_218' title='bbox 931 4212 990 4277; x_wconf 88' lang='lat' dir='ltr'><strong>est,</strong></span> <span class='ocrx_word' id='word_1_219' title='bbox 1012 4214 1047 4267; x_wconf 91' lang='lat' dir='ltr'><strong>ut</strong></span> <span class='ocrx_word' id='word_1_220' title='bbox 1068 4203 1167 4282; x_wconf 90' lang='lat' dir='ltr'><strong>nosti,</strong></span> <span class='ocrx_word' id='word_1_221' title='bbox 1188 4225 1321 4285; x_wconf 88' lang='lat' dir='ltr'><strong>regnum</strong></span> 
     </span>
     <span class='ocr_line' id='line_1_32' title="bbox 367 4302 1324 4388; baseline 0.005 -26"><span class='ocrx_word' id='word_1_222' title='bbox 367 4302 532 4376; x_wconf 84' lang='lat' dir='ltr'><strong>coelorum,</strong></span> <span class='ocrx_word' id='word_1_223' title='bbox 549 4302 635 4385; x_wconf 93' lang='lat' dir='ltr'><strong>quod</strong></span> <span class='ocrx_word' id='word_1_224' title='bbox 654 4324 714 4366; x_wconf 88' lang='lat' dir='ltr'><strong>nos</strong></span> <span class='ocrx_word' id='word_1_225' title='bbox 734 4304 843 4367; x_wconf 90' lang='lat' dir='ltr'><strong>multis</strong></span> <span class='ocrx_word' id='word_1_226' title='bbox 859 4314 892 4367; x_wconf 91' lang='lat' dir='ltr'><strong>et</strong></span> <span class='ocrx_word' id='word_1_227' title='bbox 910 4306 1033 4386; x_wconf 84' lang='lat' dir='ltr'><strong>magnis</strong></span> <span class='ocrx_word' id='word_1_228' title='bbox 1053 4305 1197 4388; x_wconf 90' lang='lat' dir='ltr'><strong>peccatis</strong></span> <span class='ocrx_word' id='word_1_229' title='bbox 1216 4304 1324 4367; x_wconf 89' lang='lat' dir='ltr'><strong>deme·</strong></span> 
     </span>
    </p>
   </div>
   <div class='ocr_carea' id='block_1_6' title="bbox 369 4399 1325 4568">
    <p class='ocr_par' dir='ltr' id='par_1_6' title="bbox 369 4399 1325 4568">
     <span class='ocr_line' id='line_1_33' title="bbox 369 4399 1325 4481; baseline 0.008 -21"><span class='ocrx_word' id='word_1_230' title='bbox 369 4399 483 4472; x_wconf 87' lang='lat' dir='ltr'><strong>ruisse,</strong></span> <span class='ocrx_word' id='word_1_231' title='bbox 499 4402 559 4464; x_wconf 88' lang='lat' dir='ltr'><strong>etsi</strong></span> <span class='ocrx_word' id='word_1_232' title='bbox 579 4401 719 4466; x_wconf 90' lang='lat' dir='ltr'><strong>mundus</strong></span> <span class='ocrx_word' id='word_1_233' title='bbox 741 4403 833 4466; x_wconf 88' lang='lat' dir='ltr'><strong>aliter</strong></span> <span class='ocrx_word' id='word_1_234' title='bbox 855 4405 982 4481; x_wconf 83' lang='lat' dir='ltr'><strong>sentiat,</strong></span> <span class='ocrx_word' id='word_1_235' title='bbox 998 4406 1087 4468; x_wconf 90' lang='lat' dir='ltr'><strong>Deus</strong></span> <span class='ocrx_word' id='word_1_236' title='bbox 1110 4406 1201 4468; x_wconf 87' lang='lat' dir='ltr'><strong>testis</strong></span> <span class='ocrx_word' id='word_1_237' title='bbox 1223 4419 1272 4467; x_wconf 88' lang='lat' dir='ltr'><strong>est</strong></span> <span class='ocrx_word' id='word_1_238' title='bbox 1294 4418 1325 4468; x_wconf 88' lang='lat' dir='ltr'><strong>et</strong></span> 
     </span>
     <span class='ocr_line' id='line_1_34' title="bbox 819 4511 880 4568; baseline 0.066 -4"><span class='ocrx_word' id='word_1_239' title='bbox 819 4522 840 4564; x_wconf 82' lang='lat' dir='ltr'><strong>a</strong></span> <span class='ocrx_word' id='word_1_240' title='bbox 860 4511 880 4568; x_wconf 77' lang='lat'><strong>2</strong></span> 
     </span>
    </p>
   </div>
   <div class='ocr_carea' id='block_1_7' title="bbox 0 0 1699 5525">
    <p class='ocr_par' dir='ltr' id='par_1_7' title="bbox 0 0 1699 5525">
     <span class='ocr_line' id='line_1_35' title="bbox 0 0 1699 5525; baseline 0 0"><span class='ocrx_word' id='word_1_241' title='bbox 0 0 1699 5525; x_wconf 95' lang='lat' dir='ltr'><strong> </strong></span> 
     </span>
    </p>
   </div>
  </div>
 </body>
</html>
