3384 5525
372 782 480 863 Ilm]
756 798 934 845 srrsronn.
1263 784 1324 842 24⁷

363 961 471 1013 catum
487 950 519 1014 in
536 950 591 1015 illa
612 950 664 1016 die
679 952 827 1016 restituet
850 950 1009 1029 Christus,
1024 972 1083 1034 pro
1104 950 1197 1035 cujus
1211 946 1274 1010 fide
1289 960 1322 1011 et

361 1050 544 1117 obedientia
565 1076 650 1118 nunc
674 1054 844 1119 salubriter
869 1051 1040 1138 exponitur
1062 1063 1120 1115 aut
1139 1050 1320 1138 deponitur.

365 1152 439 1229 Sed,
455 1155 514 1219 etsi
530 1178 568 1219 eo
584 1178 686 1241 usqne
701 1169 910 1241 tyrannorum
926 1154 1030 1218 rabies
1044 1152 1226 1230 invaluerit,

540 1305 638 1358 Facilis
648 1313 685 1358 est
691 1308 795 1378 jactura
805 1302 943 1376 sepulchri,

366 1441 420 1506 ubi
436 1440 518 1506 coelo
532 1442 653 1527 tegitur
665 1441 722 1528 qui
739 1441 912 1507 nonhabet
929 1462 1052 1505 urnam.
1097 1438 1270 1504 Consilium
1288 1442 1320 1504 in

363 1542 523 1624 ambiguis
552 1543 711 1608 duntaxat
749 1541 846 1607 babet
878 1542 1000 1607 locum:
1043 1563 1101 1604 nec
1129 1540 1224 1605 debet
1253 1563 1321 1604 esse

366 1642 553 1726 ambiguum
581 1644 671 1729 quod
707 1643 884 1730 gerendum
914 1640 1092 1728 praescribit
1121 1641 1172 1705 lex
1201 1640 1320 1707 divina.

368 1747 452 1809 Nam
468 1765 526 1809 nec
549 1745 716 1833 minimum
732 1743 946 1809 demandatis
967 1744 1042 1822 Dei,
1057 1744 1082 1808 si
1098 1743 1187 1829 quod
1204 1755 1321 1820 tamen,

368 1845 456 1932 quod
472 1845 526 1909 vix
542 1847 742 1927 crediderim,
757 1869 892 1932 parvum
913 1859 971 1922 est,
988 1845 1227 1931 protemporali
1244 1844 1320 1923 vita,

365 1971 405 2012 ne
420 1950 500 2014 dum
516 1973 575 2035 pro
589 1948 752 2013 mundana
768 1947 954 2034 supellectili
971 1948 1021 2012 vel
1032 1950 1140 2033 quiete
1155 1970 1236 2010 vana
1246 1968 1321 2010 con-

367 2049 476 2116 siliove
505 2051 676 2116 deseritur.
729 2054 813 2115 Nam
844 2062 876 2114 et
906 2049 1036 2114 minima
1071 2058 1193 2113 servata
1221 2048 1320 2112 vitam

367 2152 550 2238 acquirunt,
576 2165 608 2217 et
638 2151 829 2237 plerumque
860 2150 1005 2236 martyrii
1034 2150 1167 2236 gloriam
1196 2172 1322 2227 prome·

366 2266 487 2318 rentur.
534 2251 690 2336 Neglecta
715 2274 790 2317 vero
816 2275 857 2316 ex
884 2252 1014 2316 crimine
1040 2251 1265 2317 inobedientiae
1290 2264 1322 2316 et

366 2367 569 2439 contemptus
584 2354 740 2417 internam
756 2353 908 2435 ingerunt
923 2365 1067 2417 mortem.
1106 2354 1241 2437 Captam
1257 2351 1324 2415 avi·

365 2454 471 2520 culam
487 2478 558 2520 cum
574 2453 671 2540 pullis
685 2453 786 2518 occidi
802 2452 950 2539 prohibet
970 2452 1138 2533 Dominus,
1154 2453 1322 2539 subjiciens

366 2557 533 2643 praemium
551 2580 617 2622 esse
639 2556 735 2642 hujus
753 2555 895 2620 mandati
911 2555 937 2619 si
958 2556 1154 2631 observetur,
1172 2566 1208 2619 ut
1228 2555 1324 2640 longo

366 2657 456 2722 vivas
481 2670 641 2743 tempore:
677 2658 766 2743 quod
794 2656 924 2744 quidem
951 2657 1046 2743 adjici
1071 2656 1229 2721 mandatis
1253 2655 1324 2721 aliis

367 2783 430 2825 non
442 2755 537 2825 facile
551 2760 703 2847 reperies,
715 2760 776 2827 nisi
790 2760 846 2825 ubi
858 2774 979 2846 patrem
995 2777 1026 2826 et
1038 2774 1170 2826 matrem
1181 2758 1326 2846 praecipit

365 2862 525 2928 honorari.
571 2862 662 2926 Idem
688 2886 766 2949 ergo
792 2885 907 2948 magno
933 2876 965 2927 et
991 2865 1019 2927 ei
1046 2862 1132 2949 quod
1159 2862 1324 2927 minimum

368 2963 499 3029 videtur
523 2963 694 3028 subintulit
712 2964 893 3051 praemium,
915 2979 952 3029 ut
972 2966 1099 3029 doceret
1121 2967 1272 3049 quoniam
1291 2975 1324 3028 et

368 3067 491 3131 minimi
522 3066 658 3152 diligens
687 3068 890 3133 observantia
919 3068 995 3133 vitae
1021 3069 1241 3153 promeritoria
1265 3080 1323 3133 est.

368 3168 538 3254 Numquid
563 3191 626 3232 non
659 3169 812 3254 scriptum
843 3181 902 3248 est,
928 3168 1078 3255 quoniam
1109 3169 1166 3253 qui
1195 3167 1325 3233 minima

366 3269 488 3355 spernit
513 3269 668 3355 paulatim
692 3269 836 3336 decidet:
873 3284 905 3336 et
933 3271 990 3357 qui
1018 3271 1050 3334 in
1073 3270 1198 3335 modico
1219 3270 1324 3336 fidelis

366 3382 429 3445 est,
446 3390 544 3456 super
559 3370 662 3435 multa
672 3371 906 3437 constituetur?
929 3374 997 3436 Nec
1011 3371 1071 3436 hoc
1086 3371 1220 3436 dixerim
1235 3370 1325 3457 quod

365 3494 475 3536 omnes
494 3473 622 3558 capiant
637 3474 770 3539 verbum
793 3474 900 3543 istud:
932 3486 987 3538 aut
1009 3473 1098 3559 quod
1113 3497 1172 3558 ego
1194 3473 1324 3539 minima

366 3572 538 3658 diligenter
560 3575 737 3654 observem,
752 3576 808 3661 qui
834 3599 919 3661 saepe
934 3587 966 3640 et
992 3576 1129 3638 multum
1146 3575 1179 3638 in
1201 3576 1324 3660 magnis

367 3673 522 3761 delinquo
533 3689 567 3740 et
580 3678 737 3743 maximis.
764 3679 799 3743 Si
814 3677 945 3764 quidem
957 3676 1138 3743 obedientia
1149 3679 1324 3742 maximum

367 3789 415 3841 est
430 3777 629 3858 mandatum,
641 3779 708 3843 sine
719 3780 811 3864 cujus
822 3778 1015 3865 diligentiori
1031 3779 1175 3844 custodia
1190 3778 1324 3843 salutem

368 3892 595 3962 provectorum
607 3880 716 3945 nullus
725 3881 914 3967 assequitur.
938 3880 1056 3945 Melior
1065 3897 1112 3946 est
1123 3881 1205 3944 enim
1217 3880 1325 3945 obedi-

368 3983 454 4045 entia
469 4004 566 4067 quam
582 3986 729 4049 victimae.
776 3984 865 4049 Sicut
880 4007 897 4046 e
912 3983 1010 4048 latere
1031 3985 1148 4047 crimen
1171 3983 1325 4049 ariolandi

368 4094 428 4161 est,
439 4106 627 4170 repugnare,
635 4098 667 4149 et
678 4089 770 4172 quasi
780 4086 882 4151 scelus
892 4084 1080 4151 idololatrias
1091 4085 1175 4150 nolle
1184 4090 1323 4172 acquies-

368 4206 448 4250 cere.
493 4190 539 4251 Et
554 4206 592 4252 ut
607 4187 647 4251 ad
669 4188 840 4252 obediendi
856 4188 1007 4254 virtutem
1030 4188 1145 4252 fortius
1166 4187 1325 4266 animeris,

368 4285 489 4351 domini
506 4311 598 4375 papa
613 4304 645 4354 te
660 4290 762 4356 munit
778 4294 967 4365 auctoritas,
979 4291 1061 4355 sicut
1078 4291 1174 4354 habes
1185 4312 1224 4352 ex
1240 4290 1323 4353 litte·

368 4387 423 4464 ris,
441 4413 520 4474 quas
535 4390 682 4476 episcopo
701 4392 848 4476 Wigorn.
874 4414 976 4475 nuper
998 4391 1132 4475 scripsit,
1149 4391 1323 4454 consulenti
