3384 5525
374 787 436 847 202
632 801 769 845 romans
785 800 1063 845 snussuramssrs
1234 784 1279 864 [a.
1297 806 1325 849 n.

372 951 484 1015 tudine
506 950 629 1015 falleret
652 951 769 1013 amicos
793 951 921 1035 praefati
945 952 1197 1031 cantuariensis,
1214 977 1253 1018 ne
1273 978 1328 1041 per

370 1052 510 1138 aliquem
526 1075 634 1115 eorum
659 1051 892 1137 impedirentur
914 1053 1084 1137 petitiones
1106 1077 1186 1141 quas
1209 1057 1327 1121 eratin

371 1154 501 1219 alterius
522 1156 603 1238 regis
622 1154 781 1240 colloquio
800 1166 1019 1239 porrecturus,
1035 1170 1068 1221 et
1084 1170 1121 1221 ut
1146 1160 1328 1244 impraemu-

371 1257 472 1320 nitum
493 1255 672 1319 Romanum
690 1255 869 1341 pontificem
891 1256 1064 1321 accelerata
1079 1258 1237 1343 legatione
1252 1261 1329 1324 faci·

372 1358 432 1423 lius
446 1358 696 1422 circumveniret.
744 1358 875 1443 Scripsit
897 1382 974 1444 ergo
995 1358 1144 1424 dominus
1161 1363 1329 1427 Cantuari·

369 1459 452 1523 ensis
467 1459 615 1545 episcopo
630 1458 820 1523 Pictaviensi
835 1482 868 1522 se
888 1459 930 1523 ad
954 1460 1144 1525 Turonense
1158 1462 1326 1525 concilium

370 1584 432 1624 non
448 1572 631 1639 venturum,
646 1561 812 1645 increpans
831 1582 904 1623 eum
928 1561 1015 1645 quod
1038 1562 1118 1625 citra
1140 1563 1326 1627 mandatum

369 1673 401 1724 et
423 1660 645 1724 conscientiam
667 1682 755 1723 suam
778 1682 903 1724 causam
928 1660 1070 1725 ecclesiae
1091 1666 1271 1728 contulerat
1294 1664 1325 1727 in

369 1763 536 1827 arbitrium
561 1761 696 1825 hominis
722 1764 906 1826 subvertere
933 1762 1064 1827 nitentis
1086 1763 1327 1830 ecclesiasticam

371 1864 560 1945 libertatem,
581 1877 613 1928 et
636 1864 693 1948 qui
718 1864 812 1928 toties
827 1885 908 1927 vanu
931 1887 987 1950 spe
1009 1864 1177 1949 deceperat
1201 1880 1327 1931 contra·

370 1966 489 2030 lientes.

415 2070 453 2131 ln
481 2067 620 2132 secundo
643 2090 716 2131 vero
739 2089 850 2152 regum
876 2068 1047 2154 colloquio,
1070 2081 1242 2155 postquam
1266 2069 1323 2133 diu

370 2169 565 2233 refutaverat
591 2181 623 2232 et
648 2169 814 2252 juraverat
841 2190 874 2231 se
904 2167 1011 2232 literas
1037 2168 1237 2254 Apostolicas
1263 2190 1326 2233 non

369 2283 584 2357 recepturum,
614 2268 741 2333 tandem
772 2268 983 2333 commonitus
1013 2292 1033 2333 a
1070 2269 1145 2348 suis,
1176 2269 1328 2356 praelatas

368 2372 622 2437 comminatorias
635 2394 654 2436 a
669 2370 824 2456 religiosis
836 2370 912 2435 viris
926 2370 984 2456 qui
999 2372 1039 2435 ad
1055 2371 1115 2435 hoc
1132 2372 1218 2435 missi
1234 2386 1325 2437 erant

369 2472 461 2558 petiit
476 2486 508 2537 et
523 2473 654 2559 accepit.
701 2472 852 2556 Longum
868 2471 928 2535 erit
944 2471 1061 2535 referre
1078 2485 1160 2557 quot
1175 2485 1207 2536 et
1231 2495 1327 2557 quam

368 2573 455 2637 varia
477 2574 601 2660 sibique
623 2574 836 2660 repugnantia
858 2594 1007 2659 responsa
1029 2572 1165 2655 dederit,
1180 2576 1238 2661 qui
1258 2598 1326 2638 ver·

369 2675 520 2741 sibilitate
546 2676 660 2739 merito
685 2676 857 2739 videbatur
887 2675 991 2760 ipsum
1021 2678 1136 2739 Protea
1164 2699 1326 2763 superare.

367 2780 432 2846 Sed
454 2800 576 2844 summa
601 2777 732 2862 negotii,
753 2777 863 2841 multis
888 2776 1007 2840 habitis
1032 2777 1183 2857 consiliis,
1205 2779 1238 2842 in
1265 2779 1325 2844 boc

367 2881 495 2946 demum
518 2881 581 2946 fine
597 2879 714 2943 resedit
736 2879 835 2965 quod,
853 2901 1020 2965 suppresso
1043 2879 1170 2943 nomine
1193 2901 1325 2945 consue·

368 2985 528 3064 tudinum,
557 2982 641 3048 dixit
671 3005 703 3045 se
732 3002 795 3045 non
824 2982 955 3064 fugasse
983 2980 1246 3046 Cantuariensem
1284 2983 1325 3046 de

367 3108 484 3172 regno;
521 3085 587 3164 sed,
610 3084 635 3148 si
657 3085 761 3147 facere
784 3083 922 3147 voluerit
947 3083 1036 3168 quod
1064 3086 1207 3147 lecerunt
1234 3095 1324 3148 ante·

366 3211 502 3252 cessores
513 3187 574 3264 sui,
586 3198 619 3250 et
634 3186 693 3249 boc
706 3184 891 3270 simpliciter
906 3197 938 3248 et
949 3184 1033 3248 bona
1044 3184 1108 3248 lide
1124 3184 1322 3270 promittere,

366 3285 469 3350 redire
492 3288 610 3369 poterit
633 3296 665 3347 et
688 3282 804 3347 habere
827 3305 935 3368 pacem
960 3283 992 3345 in
1020 3296 1106 3346 terra
1127 3295 1158 3346 et
1185 3283 1323 3381 gratiam

365 3387 446 3472 ejus,
461 3387 487 3450 si
502 3384 660 3450 studuerit
676 3406 745 3446 eam
764 3383 949 3468 promereri.
995 3384 1058 3448 Sed
1081 3387 1108 3448 ei
1133 3406 1321 3470 responsum

363 3488 516 3574 estquod
541 3486 798 3570 archiepiscopus
822 3487 942 3552 nullam
966 3487 1060 3551 inibit
1083 3487 1322 3572 obligationem,

366 3590 544 3678 prasertim
560 3588 746 3674 captiosam,
761 3587 820 3651 nisi
836 3588 924 3652 salvo
940 3589 1060 3652 honore
1075 3591 1149 3664 Dei,
1166 3603 1197 3654 et
1213 3590 1324 3653 ordine

365 3717 444 3765 suo;
483 3693 643 3756 iacturum
674 3713 750 3754 vero
779 3689 866 3775 quod
895 3689 1037 3766 debebit,
1068 3692 1193 3776 adjecto
1223 3692 1322 3756 totius

363 3795 542 3859 devotionis
556 3793 719 3879 obsequio.
765 3794 810 3856 Et
825 3791 899 3856 licet
915 3814 1028 3857 nomen
1052 3793 1322 3859 consuetudinum

363 3906 532 3969 taceretur,
548 3913 601 3954 eas
623 3905 727 3955 tamen
750 3903 874 3954 constat
896 3891 982 3976 exigi
1007 3892 1068 3956 sub
1091 3915 1128 3955 ea
1150 3892 1322 3956 verborum

363 3994 507 4060 clausula
522 4016 587 4078 qua
602 3992 662 4056 sibi
686 3993 766 4078 petit
790 3992 879 4078 quod
903 3993 982 4057 dicit
1005 3994 1047 4057 ab
1070 3993 1322 4057 antecessoribus

363 4096 567 4167 lectitatum3
609 4095 668 4158 sibi
696 4117 771 4158 vero
797 4095 886 4158 nulla
912 4099 1034 4159 ratione
1064 4095 1158 4159 licere
1188 4096 1324 4181 subjecit

362 4196 620 4282 archiepiscopus
631 4194 863 4259 observantiam
877 4196 1146 4260 consuetudinum
1163 4196 1319 4281 profiteri,

362 4315 430 4365 tum
446 4300 524 4384 quia
539 4317 650 4359 novam
674 4296 808 4360 formam
830 4297 863 4361 in
886 4297 1047 4362 ecclesiam
1072 4299 1224 4363 inducere
1247 4319 1318 4383 per·

362 4403 514 4467 niciosum
542 4412 622 4463 esset
649 4401 806 4485 exemplo,
833 4415 902 4465 tum
933 4401 1011 4485 quia
1037 4400 1107 4464 illas
1134 4422 1172 4463 ex
1205 4421 1320 4485 magna
