3384 5525
365 783 378 839 l
393 781 479 859 166.]
760 802 937 848 urrsronm.
1284 792 1321 850 2!

364 952 505 1027 affectio,
520 962 551 1015 et
567 956 714 1017 voluntas
729 954 770 1017 ad
787 956 977 1040 obsequium
999 968 1144 1042 prompta
1158 957 1239 1021 nihil
1254 961 1319 1022 avi·

364 1050 435 1115 dius
446 1054 657 1137 concupiscit,
665 1076 760 1138 quam
771 1065 807 1119 ut
816 1058 844 1119 ei
855 1059 1187 1141 opportunitesaDeo
1197 1081 1320 1144 praepa·

362 1164 455 1232 retur,
471 1177 536 1237 qua
549 1156 645 1220 amici
660 1157 709 1219 sui
725 1158 899 1222 satisfaciat
913 1160 994 1223 votis
1009 1172 1064 1223 aut
1078 1162 1200 1223 usibus.
1232 1160 1317 1224 Nam

362 1266 394 1317 et
408 1255 500 1318 Deus
516 1255 663 1321 devotam
678 1268 826 1341 acceptat
837 1281 895 1342 pro
911 1260 1085 1344 adimpleto
1101 1284 1195 1346 opere
1206 1263 1319 1325 volun·

362 1364 507 1432 tatem,et
516 1378 573 1440 pro
583 1357 734 1440 qualitate
744 1367 776 1420 et
785 1358 960 1441 quantitate
969 1360 1146 1425 effectionis
1155 1383 1317 1445 quemque

362 1469 551 1522 remunerat.
575 1459 724 1543 Expecto
734 1471 842 1523 autem
854 1474 887 1523 et
897 1483 989 1544 spero
1001 1484 1020 1524 a
1033 1463 1186 1539 Domino,
1198 1465 1274 1548 quia
1285 1474 1319 1528 et

365 1559 526 1623 devotioni
546 1584 627 1626 meae
643 1562 778 1625 facultas
793 1560 932 1638 dabitur,
947 1571 980 1626 et
1001 1566 1143 1645 procella
1161 1577 1270 1629 nostra
1283 1566 1318 1628 in

365 1682 482 1739 auram,
497 1675 627 1727 auctore
642 1664 726 1738 Deo,
741 1664 776 1725 in
791 1664 881 1726 brevi
896 1664 1020 1726 facilius
1035 1675 1066 1726 ct
1080 1665 1204 1727 felicius
1218 1676 1319 1729 truns-

364 1758 444 1824 itura
459 1772 509 1826 est
524 1786 619 1847 quam
635 1764 790 1828 credatur.
837 1763 919 1828 Haec
944 1774 1050 1828 tamen
1072 1766 1180 1848 potius
1198 1766 1321 1850 accipi·

366 1863 602 1928 anturdictaex
612 1864 802 1929 certitudine
811 1863 891 1928 fidei
900 1885 998 1947 quam
1010 1865 1169 1929 scientiae:
1185 1868 1319 1951 eoquod

364 1964 471 2025 Deum
486 1964 615 2028 fidelem
631 1965 778 2027 novimus
790 1964 824 2027 in
838 1965 1015 2049 promissis,
1028 1967 1081 2050 qui
1097 1974 1174 2029 tunc
1190 1967 1321 2031 demum

367 2065 537 2145 gloriosius
551 2086 608 2148 pro
624 2086 657 2127 se
672 2064 867 2148 patientibus
878 2086 970 2127 suum
985 2064 1141 2129 ministrat
1153 2068 1319 2143 auxilium,

368 2166 496 2249 quando
511 2187 640 2249 prorsus
655 2175 761 2230 cessat
770 2166 955 2229 humanum.
985 2167 1116 2230 Interim
1132 2165 1247 2250 probat
1261 2189 1322 2231 nos

369 2268 529 2331 Dominus
540 2267 758 2348 andiligamus
767 2267 1321 2354 eum,etsimor·amsecerit,aequani-

369 2371 461 2433 miter
487 2370 671 2433 tolerandus
693 2379 750 2446 est,
773 2370 849 2452 quia
872 2368 1026 2453 quicquid
1049 2371 1143 2434 uobis
1169 2371 1322 2451 videatur,
1435 2392 1437 2396 ’

370 2471 580 2554 proculdubio
606 2471 712 2533 reniet
736 2481 770 2533 et
798 2491 863 2534 nou
893 2469 1039 2534 tardabit.
1086 2471 1182 2535 Unde
1211 2494 1321 2553 secure

368 2572 441 2636 dico
457 2573 533 2656 quia
547 2574 581 2635 in
597 2573 685 2635 brevi
698 2572 876 2649 subveniet,
889 2593 985 2655 quum
1001 2594 1059 2657 pro
1074 2585 1162 2637 certo
1177 2575 1319 2638 noverim

370 2674 401 2735 in
424 2674 573 2737 humanis
597 2675 692 2737 rebus
715 2673 797 2735 nihil
822 2673 885 2736 nisi
906 2684 1164 2737 momentaneum
1187 2697 1269 2751 esse,
1291 2685 1324 2738 et

372 2776 458 2859 quod
474 2777 574 2858 gloria
587 2776 699 2840 mundi
722 2787 756 2838 ut
770 2776 876 2838 fumus
899 2777 1068 2854 evanescit,
1086 2787 1119 2839 et
1141 2777 1321 2859 iniquorum

373 2878 446 2941 finis
461 2889 511 2940 est
524 2879 607 2960 ignis
622 2890 654 2943 et
667 2879 791 2942 vermis
836 2879 882 2941 Et
897 2877 1027 2962 quidem
1050 2879 1194 2960 reliquie
1209 2878 1323 2961 impio·

372 3003 440 3044 rum
467 2982 656 3045 interibunt:
690 2994 722 3045 et
743 2992 792 3045 est
817 2982 904 3043 salus
924 2980 1081 3063 justorum
1108 2977 1325 3049 indubitanter

373 3084 576 3166 expectanda
591 3107 610 3147 a
624 3080 776 3149 Domino.
813 3083 908 3149 Licet
922 3081 1007 3146 enim
1022 3080 1140 3164 impius
1155 3083 1326 3150 extollatur

373 3208 468 3268 super
480 3186 592 3249 cedros
604 3185 765 3262 Libani‚si
776 3183 938 3248 modicum
947 3182 1174 3264 pertransieris,
1185 3194 1328 3267 patenter

372 3288 543 3370 intelliges,
565 3285 640 3372 quia
662 3288 757 3350 etiam
780 3285 909 3370 quando
932 3287 1043 3348 florere
1066 3284 1241 3363 videbatur,
1257 3285 1325 3369 jam

374 3414 437 3456 non
460 3403 537 3468 erat,
552 3402 584 3455 et
599 3413 664 3455 non
686 3402 751 3453 erat
772 3390 902 3452 ulterius
916 3390 1007 3452 locus
1021 3387 1099 3473 ejus.
1136 3389 1235 3452 Ridet
1255 3390 1325 3457 haec

375 3494 544 3578 prudentia
558 3495 672 3570 carnis,
688 3492 744 3555 sed
759 3492 902 3574 profecto
918 3491 1008 3553 Deus
1022 3512 1087 3553 non
1105 3490 1258 3568 irridetur,
1270 3493 1329 3576 qui

375 3597 500 3660 interim
518 3594 615 3679 juxta
629 3595 834 3658 Salomonem
850 3593 1027 3655 irrisoribus
1041 3592 1166 3674 flagella
1180 3603 1281 3674 parat,
1296 3605 1330 3657 et

377 3701 473 3764 duros
502 3699 634 3760 malleos
663 3696 767 3760 dorsis
796 3708 828 3758 et
857 3694 1033 3758 cervicibus
1063 3704 1327 3776 contemptorum.

377 3799 537 3862 Caeterum
553 3796 639 3881 quod
659 3796 701 3860 ad
715 3797 889 3858 humanam
911 3793 1108 3876 opinionem,
1125 3793 1182 3856 tibi
1204 3792 1330 3858 facilius

375 3911 472 3984 patet,
486 3901 520 3963 in
536 3920 602 3983 qua
616 3895 800 3960 conditione
815 3916 986 3968 versemur,
1002 3903 1034 3956 et
1050 3894 1128 3976 quid
1143 3915 1186 3957 ex
1200 3895 1329 3959 decreto

376 4004 551 4066 aulicorum
573 4021 635 4067 nos
657 3999 766 4062 timere
789 4006 935 4080 oporteat
956 4006 1012 4059 aut
1033 4016 1168 4078 sperare.
1215 3995 1329 4080 Spere-

377 4106 482 4169 bimns
503 4114 627 4166 autem:
659 4123 732 4164 nam
753 4100 795 4163 ad
816 4120 943 4162 omnem
962 4095 1174 4162 humilitatem
1192 4097 1332 4182 prompti

379 4228 497 4280 sumus,
514 4206 591 4289 quia
609 4201 808 4268 conscientia
827 4210 968 4263 servatur
987 4198 1159 4277 indemnis,
1174 4200 1250 4263 dum
1268 4201 1333 4281 legi

381 4308 493 4372 divinae
503 4329 569 4384 non
582 4305 770 4386 derogemus
781 4324 842 4365 nee
853 4302 1025 4376 honestati,
1035 4323 1098 4384 qua
1109 4301 1226 4364 amissa
1235 4301 1335 4363 satius

383 4420 428 4473 est
442 4409 522 4477 mori
539 4429 633 4492 quarn
650 4407 764 4469 vivere.
802 4404 932 4491 Nullam
953 4403 1043 4492 pacis
1058 4397 1240 4488 respuimus
1260 4421 1336 4470 con·
1406 4488 1408 4493 Α
