3384 5525
375 760 417 818 66
656 774 791 819 Joauurs
808 772 1085 818 sunusnuurausrs
1236 752 1281 833 [a
1297 768 1329 815 n.

373 936 423 990 est
433 929 509 1006 Aur,
518 938 550 991 et
565 929 645 992 muri
656 928 725 1013 ejus
741 926 857 1011 dejecti
869 937 943 990 suut
957 925 1109 1003 funditus,
1121 935 1156 988 ut
1170 924 1329 988 exultatio

373 1029 474 1092 Moab
496 1050 539 1093 ex
564 1028 756 1093 necessitate
780 1028 877 1091 Petro
900 1027 1020 1091 cedens
1041 1026 1082 1090 de
1107 1036 1224 1090 caetero
1251 1045 1327 1089 con-

372 1131 524 1215 quiescat.
570 1131 667 1195 Unde
690 1152 764 1214 spes
780 1141 828 1194 est
850 1131 884 1193 in
901 1130 1053 1206 Domino,
1068 1139 1105 1192 ut
1125 1124 1327 1191 vociferanti·

372 1231 433 1294 bus
455 1231 541 1294 tubis
555 1231 808 1295 sacerdotalibus
828 1232 861 1294 in
883 1232 1032 1313 proximo
1055 1239 1183 1293 corruat
1197 1239 1230 1291 et
1245 1228 1325 1291 Hie·

371 1333 472 1442 gicho,
482 1345 513 1396 et
523 1354 654 1415 reguum
667 1334 797 1415 proprio
809 1332 965 1413 sanguiue
976 1330 1171 1415 adquisitum
1183 1326 1327 1393 obtineat

372 1434 581 1517 triumphator
594 1436 616 1499 J
617 1455 701 1512 esus,
712 1444 745 1496 et
757 1433 791 1496 iu
806 1454 887 1517 pace
902 1432 1067 1516 possideat
1082 1430 1171 1516 quod
1186 1429 1326 1515 suijuris

371 1548 419 1601 cst
433 1557 570 1621 sponsus
585 1546 617 1599 et
632 1547 739 1599 custos
753 1536 901 1600 ecclesiae
917 1536 1072 1600 Christus.
1116 1534 1224 1607 Quum
1240 1531 1326 1596 enim

370 1639 536 1702 Romanus
550 1637 694 1720 pontifex
710 1658 767 1720 per
785 1636 973 1721 patientiam
989 1636 1204 1700 Teutonicum
1219 1643 1326 1717 tyran·

372 1759 448 1802 num
471 1738 591 1802 diutius
613 1748 826 1820 expectasset,
841 1748 876 1800 ut
898 1739 948 1799 vel
970 1736 1017 1802 sic
1041 1745 1267 1822 provocaretur
1282 1731 1324 1797 ad

371 1840 604 1924 poeniteutiam,
619 1848 652 1928 pt
674 1839 904 1918 schismaticus,
919 1841 1055 1903 abutens
1074 1838 1230 1923 patientia
1248 1837 1329 1922 ejus,

369 1950 502 2025 peccatu
513 1939 653 2024 peccatis
668 1939 800 2004 adderet
808 1941 940 2025 jugiter,
952 1950 988 2005 ut
1001 1961 1086 2004 error
1101 1940 1137 2003 iu
1151 1938 1324 2004 amentiam

369 2055 549 2119 veneretur,
565 2044 703 2107 vicarius
717 2044 806 2108 Petri
825 2066 845 2109 a
861 2045 1002 2109 Domino
1022 2044 1215 2110 constitutus
1229 2062 1324 2125 super

370 2156 492 2228 gentes,
516 2156 549 2209 et
572 2167 682 2227 regua,
709 2148 817 2225 Italos,
842 2157 876 2211 et
901 2169 1013 2211 omues
1035 2146 1090 2230 qui
1112 2145 1143 2209 ei
1165 2166 1209 2209 ex
1230 2164 1326 2210 ceusu

371 2247 497 2331 imperii
525 2255 558 2310 et
592 2247 682 2329 regni
716 2246 871 2329 religione
899 2245 1107 2332 jurisjurandi
1136 2245 1325 2310 tenebantur

371 2349 502 2427 astricti,
527 2371 548 2413 a
577 2348 730 2413 fidelitate
759 2347 829 2432 ejus
859 2350 1012 2414 absolvit:
1048 2359 1080 2412 et
1110 2346 1237 2412 Italiam
1263 2346 1326 2412 scre

371 2459 470 2515 totam
487 2471 507 2513 a
526 2449 607 2514 facie
629 2450 762 2513 furentis
780 2462 812 2514 et
831 2449 997 2534 praesentis
1017 2459 1106 2514 tanta
1125 2448 1279 2513 felicitate
1293 2456 1326 2512 ct

372 2551 533 2614 celeritate
549 2551 701 2631 excussit,
711 2560 747 2614 ut
761 2551 795 2614 in
812 2573 851 2615 ea
866 2551 949 2614 nihil
964 2550 1081 2614 habere
1096 2549 1254 2628 videatur,
1262 2548 1324 2614 nisi

372 2662 517 2730 tortores,
538 2674 619 2736 quos
639 2654 735 2716 evitat
753 2654 924 2729 interdum,
946 2663 977 2716 et
996 2652 1224 2735 augustiarum,
1245 2672 1325 2737 quus

371 2751 487 2817 evitare
517 2774 582 2816 non
613 2765 729 2835 potest,
758 2752 837 2837 juge
867 2752 1073 2838 supplicium.
1122 2752 1265 2817 Abstulit
1293 2750 1327 2816 ei-

368 2853 465 2918 etiam
480 2854 600 2936 regiam
615 2854 816 2937 dignitatem,
831 2856 1001 2939 ipsumque
1022 2854 1223 2919 anathemate
1245 2876 1323 2921 oon·

368 2955 545 3020 demnavit:
578 2969 610 3020 ct
627 2956 768 3020 inhibuit
786 2958 973 3022 auctoritate
989 2957 1052 3021 Dei
1075 2976 1115 3019 ne
1138 2956 1220 3020 vires
1243 2958 1324 3024 ullu

367 3056 482 3122 amodo
512 3059 544 3120 in
570 3058 696 3123 bellicis
725 3057 1006 3139 congressionibus
1031 3058 1166 3122 habeatr
1200 3069 1258 3122 aut
1282 3058 1322 3123 de

369 3159 552 3223 Christiano
572 3157 682 3242 aliquo
701 3160 865 3224 victoriam
885 3171 1108 3244 consequatur,
1128 3169 1185 3224 aut
1203 3161 1322 3227 alicubi

367 3260 474 3343 quiete
502 3262 535 3322 et
563 3279 642 3341 pace
672 3259 820 3341 gaudeat,
844 3261 947 3325 donec
975 3261 1096 3326 fructus
1121 3261 1321 3345 poeniteutiae

367 3360 543 3441 condignos
558 3371 713 3443 operetur.
759 3359 797 3422 Iu
815 3383 879 3446 quo
895 3372 1049 3446 sequutus
1070 3371 1119 3426 est
1134 3366 1321 3448 exemplum

367 3459 514 3539 Gregorii
525 3476 583 3533 vri,
594 3459 771 3522 decessoris
783 3462 846 3539 sui,
855 3463 909 3544 qui
919 3473 1029 3527 nostra
1039 3474 1131 3526 aetete
1142 3464 1321 3528 chricum

364 3562 586 3645 imperatorem
606 3562 752 3625 ecclesiae
776 3562 943 3647 privilegia
961 3565 1198 3628 convellentem
1221 3565 1320 3651 depo·

364 3663 486 3726 neusin
500 3664 638 3745 concilio
650 3665 796 3728 Romano
806 3665 902 3728 simili
911 3667 1071 3731 sententia
1080 3666 1320 3745 condemnavit,

366 3775 398 3828 et
413 3765 543 3848 quidem
558 3767 615 3829 illa
630 3767 789 3830 sententis
803 3769 952 3830 effectum
970 3769 1079 3831 sortita
1094 3777 1162 3831 est:
1190 3778 1223 3831 et
1237 3769 1319 3831 banc

365 3865 404 3928 de
421 3864 589 3948 privilegio
604 3867 690 3930 Petri
712 3869 809 3931 latam
825 3867 949 3931 videtur
970 3870 1039 3953 ipse
1056 3869 1218 3932 Dominus
1241 3891 1317 3933 cou-

363 3967 515 4030 firmassc.
562 3969 636 4031 Hoc
654 3969 740 4031 enim
760 3969 833 4032 Itali
849 3969 968 4048 audito,
984 3972 1025 4033 ab
1046 3992 1084 4033 eo
1105 3970 1319 4046 discedentes,

362 4065 637 4130 reaedifioaveruut
645 4066 1106 4146 Mediolanum,schismaticos
1116 4072 1319 4154 expulerunt,

362 4167 547 4231 Catholicos
567 4165 762 4229 reduxemut
781 4168 964 4251 episcopos,
979 4181 1012 4232 et
1029 4171 1228 4255 Apostolioae
1247 4169 1318 4234 sodi

362 4268 553 4332 unanimiter
577 4267 787 4331 adhaeseruut.
835 4269 900 4334 Sed
926 4271 1006 4354 quid
1035 4284 1112 4336 nota
1141 4267 1314 4336 recenseo?

363 4371 437 4435 Hoc
461 4369 571 4453 utique
586 4370 730 4434 locorum
746 4371 830 4436 fama
846 4373 937 4455 quasi
959 4374 1123 4456 praecouia
1139 4393 1218 4437 voce
1242 4394 1317 4438 con·
