3384 5525
244 760 352 841 net]
627 776 804 821 nrrsrora.
1149 762 1190 819 97

237 931 399 1013 expedire.
443 929 588 1012 Expedit
611 940 715 993 autem
742 950 836 991 nosse
864 926 968 991 studia
994 938 1027 989 et
1053 928 1188 991 consilia

235 1032 502 1095 Balaamitarum:
537 1041 570 1094 et
596 1031 673 1115 quid
700 1029 855 1093 Moabitae
881 1039 993 1092 contra
1016 1030 1186 1092 ecclesiam

233 1134 421 1196 moliantur:
446 1143 479 1197 et
492 1133 520 1196 si
534 1133 608 1216 quis
623 1132 742 1215 estqui
757 1152 888 1194 manum
903 1129 1044 1213 porrigat
1064 1130 1184 1193 Israel:

233 1238 297 1299 hoc
318 1245 424 1299 autem
441 1235 652 1299 certissimum
668 1234 709 1297 sit
723 1232 810 1316 quod
826 1232 1066 1297 Cantuariensis
1081 1231 1184 1295 archi·

234 1337 407 1420 episcopus
422 1338 543 1400 nullam
566 1356 695 1399 causam
717 1334 806 1397 dedit
825 1334 957 1398 dissidio
976 1335 1184 1415 interregem

233 1439 359 1521 Angliae
374 1450 407 1501 et
421 1438 571 1502 comitem
587 1435 764 1499 Flandriae:
795 1436 884 1519 quod
904 1457 960 1517 per
974 1436 1105 1517 gratiam
1123 1436 1184 1497 Dei

232 1540 266 1601 in
281 1541 371 1603 brevi
386 1539 531 1621 plurimis
546 1539 735 1601 innotescet.

264 1892 487 1957 EPISTOLA
514 1892 806 1956 ccxxxrr-rn
821 1910 969 1955 rnonau
984 1907 1147 1955 carruae.

600 1993 644 2073 [n.
662 2014 692 2056 n.
714 1994 821 2075 1167]

334 2130 463 2193 Tbomae
481 2130 716 2194 cantuariensi
730 2127 881 2210 Archiep.
897 2130 995 2193 Joan.
1012 2129 1087 2194 Sar.

275 2258 350 2320 Nec
365 2257 463 2341 prior,
474 2279 534 2321 nec
551 2256 709 2340 posterior
720 2255 800 2318 mihi
809 2256 917 2338 placet
928 2258 1099 2341 conceptio
1110 2257 1181 2319 lite-

230 2381 334 2424 rarum
355 2380 435 2441 quas
461 2358 502 2422 ad
525 2358 691 2422 dominum
710 2358 907 2420 Willelmum
929 2359 1053 2421 mittere
1074 2358 1183 2422 decre-

232 2462 338 2525 vistis:
369 2462 445 2545 quia
466 2462 563 2533 nimis
585 2464 691 2543 plenae
714 2459 862 2523 videntur
884 2461 1132 2544 suspicionibus,
1151 2455 1183 2525 et

232 2584 329 2646 supra
356 2562 486 2626 modum
516 2562 660 2627 dentosis
689 2562 809 2624 salibus
837 2562 1010 2626 abundare.
1068 2564 1182 2627 Timeo

230 2664 315 2726 enim
332 2684 373 2725 ue
387 2662 548 2725 temeritas
562 2672 674 2725 nostra
687 2670 720 2723 et
734 2661 824 2723 illum
847 2673 880 2725 et
902 2664 982 2725 alios
1005 2665 1099 2728 nobis
1120 2665 1181 2727 iui-

229 2767 386 2829 micantes
396 2761 562 2847 justificet.
600 2761 698 2826 Unde
714 2784 814 2845 quum
828 2764 863 2826 in
878 2765 1054 2829 Pictaviam
1069 2767 1182 2829 missu·

228 2888 285 2930 rus
315 2885 420 2927 essem
449 2867 582 2928 latorem
604 2863 821 2946 praesentium,
850 2886 987 2947 perros
1015 2867 1183 2930 transitum

227 2969 335 3032 facere
346 2965 441 3049 jussi,
456 2976 492 3028 ut
508 2974 542 3027 et
565 2965 723 3028 sententia
746 2986 818 3029 mea
831 2965 923 3028 vobis
946 2966 1135 3046 innotescat,
1151 2979 1183 3031 et

229 3070 360 3132 domiuo
384 3067 590 3146 Pictaviensi‚
608 3067 636 3130 si
656 3067 732 3151 quid
755 3068 920 3150 placuerit,
935 3090 991 3150 per
1014 3091 1088 3132 eum
1111 3071 1181 3135 mit·

228 3182 295 3234 tere
321 3170 462 3233 valeatis.
506 3169 579 3250 Ego
602 3168 682 3231 mihi
706 3169 800 3232 aliam
823 3168 1002 3233 cardinales
1023 3172 1180 3255 imprimis

228 3270 445 3336 conveniendi
468 3271 599 3334 formam
623 3271 784 3354 praeelegi,
799 3292 896 3354 quam
920 3271 1048 3354 quidem
1070 3285 1179 3340 restrae

228 3394 376 3456 personae
391 3372 593 3436 eminentiam
618 3392 684 3433 nou
704 3369 849 3435 deceret:
881 3370 937 3434 sed
962 3383 1066 3437 tamen
1091 3376 1176 3440 sirni-

227 3473 341 3536 liorem
370 3472 504 3535 arbitror
533 3471 735 3536 condecenti.
790 3472 842 3534 Ita
872 3487 977 3535 tamen
1011 3478 1179 3557 praeelecta

227 3576 430 3656 intelligatur,
445 3573 473 3637 si
488 3573 672 3639 discretioni
687 3582 799 3636 vestre
814 3572 933 3636 sederit
947 3585 982 3636 ut
1004 3579 1176 3657 procedat:

227 3677 351 3739 Vestrae
377 3674 529 3759 (inquam)
560 3675 636 3758 quia
661 3676 737 3737 nolo
763 3686 799 3738 ut
828 3695 940 3738 sensus
968 3676 1119 3758 insulsus,
1146 3695 1178 3745 et

229 3777 361 3842 ariditas
375 3778 492 3859 linguae
508 3779 542 3841 in
558 3787 670 3841 vestrae
685 3777 840 3864 clientelae
856 3777 952 3840 risum
969 3788 1001 3841 et
1017 3782 1178 3864 opinionis

226 3895 307 3937 meae
323 3873 526 3958 dispendium
540 3873 732 3958 publicetur.
779 3873 854 3936 Non
871 3872 1054 3957 displicebit
1071 3888 1176 3944 tamen

226 3978 254 4040 si
283 3977 381 4040 errori
411 3998 482 4039 meo
512 3975 781 4059 compatientibus
811 3976 994 4041 Lumbardo
1024 3982 1177 4046 secretius

225 4078 398 4142 innotuerit
413 4088 447 4141 et
460 4077 655 4142 Alexandro.
699 4079 788 4141 Alter
810 4078 896 4141 euim
921 4081 1071 4164 princeps
1087 4105 1176 4147 meus

225 4189 294 4242 est:
334 4182 414 4244 alter
438 4190 545 4244 autem
571 4179 666 4242 frater
690 4190 745 4244 aut
771 4181 895 4244 amicus
919 4182 1040 4246 ordinis
1064 4187 1175 4248 nostri.

227 4279 277 4344 Ea
301 4282 461 4364 siqnidem
484 4281 669 4346 conditione
691 4281 784 4345 emisi
812 4271 934 4359 literas,
957 4295 1004 4357 ut,
1034 4284 1061 4346 si
1086 4287 1177 4346 vobis

225 4381 413 4465 placuerint,
421 4383 662 4467 progrediantur
674 4383 713 4445 ad
725 4383 912 4464 episcopum
925 4385 1174 4446 Pictaviensem:

269 4501 341 4545 vor.
358 4501 395 4546 11.
687 4499 712 4542 Η
