3384 5525
507 787 567 846 196
767 798 904 842 Joxums
921 794 1200 841 sanusnnmnusrs
1374 774 1420 853 [x.
1438 790 1468 837 n.

507 953 570 1015 isse
579 937 709 1034 negotii,
727 971 823 1033 quum
840 962 945 1013 tamen
961 970 997 1010 ea
1012 970 1086 1032 quae
1095 958 1185 1031 gesta
1194 956 1269 1008 sunt
1281 942 1468 1029 diligentius

508 1064 696 1137 exequatur.
736 1051 820 1126 Quin
836 1052 944 1135 potius
959 1072 1016 1137 per
1028 1047 1200 1134 prophetas
1212 1069 1295 1132 saepe
1308 1046 1467 1110 Dominus

508 1152 719 1216 comminatur
735 1174 767 1213 se
783 1163 876 1215 terrae
894 1151 1035 1235 legitima
1060 1149 1210 1213 daturum
1235 1148 1369 1212 sabbata
1393 1170 1466 1232 quae

507 1253 692 1317 inobediens
703 1251 843 1337 populus
855 1252 1043 1335 denegabat.
1075 1255 1125 1314 De
1135 1249 1331 1315 Machabaeis
1343 1261 1465 1313 certum

507 1353 652 1440 estquod
665 1353 755 1416 bellis
766 1354 914 1439 occupati
926 1354 1023 1416 tantis
1033 1351 1105 1415 otiis
1121 1364 1152 1415 et
1165 1351 1324 1414 solemniis
1339 1372 1464 1414 vacasse

509 1455 720 1541 nequiverint.
778 1455 906 1518 Exinde
932 1477 1035 1539 usque
1060 1454 1101 1517 ad
1128 1453 1296 1517 Christum
1323 1452 1463 1515 medium

511 1573 639 1623 tenuere
664 1571 780 1622 cuncta
802 1557 975 1622 silentium.
1022 1558 1066 1621 Et
1090 1557 1150 1621 sub
1175 1554 1328 1619 Romanis
1351 1554 1465 1638 princi-

509 1661 605 1747 pibus
625 1655 837 1723 invalescebat
854 1659 970 1722 divinae
991 1659 1070 1743 legis
1085 1671 1150 1722 tam
1174 1657 1356 1740 ignorantia
1370 1678 1463 1742 quam

508 1774 719 1846 contemptus
766 1761 816 1824 Ad
832 1760 900 1823 haec
916 1772 1037 1846 quanta
1051 1782 1179 1845 possum
1203 1758 1374 1822 devotione
1389 1780 1461 1843 snp-

509 1864 592 1950 plico
614 1867 762 1947 quatinus
779 1862 802 1924 si
826 1861 950 1925 habetis
965 1861 1104 1946 aliquam
1128 1859 1357 1945 expositionem
1374 1860 1464 1922 Jere·

508 1966 580 2029 miae
595 1966 628 2027 in
641 1968 788 2028 Marcum
804 1986 874 2028 eam
892 1962 967 2025 mibi
981 1964 1005 2025 si
1022 1964 1125 2048 placet
1141 1961 1391 2041 communicetis,
1405 1973 1459 2025 aut

509 2069 613 2130 sinon
630 2065 753 2130 habetis
769 2088 825 2128 vos
847 2065 907 2151 ipsi
922 2065 1103 2149 componite
1122 2065 1197 2149 quia
1212 2086 1294 2149 opus
1317 2075 1458 2127 sanctum

507 2182 567 2243 est,
582 2180 613 2231 et
626 2180 690 2230 tam
701 2166 838 2229 ecclesiis
849 2188 944 2250 quam
955 2164 1151 2228 scholaribus
1163 2179 1293 2228 anctore
1306 2168 1378 2229 Deo
1391 2186 1461 2249 gra·

507 2270 673 2334 tissimum.
706 2273 774 2333 Nec
785 2268 885 2332 deerit
897 2269 1119 2353 opportunitas
1129 2265 1300 2345 scribendi,
1311 2267 1338 2331 si
1352 2270 1461 2332 Domi·

509 2391 569 2431 nus
585 2369 785 2453 inspiraverit
802 2372 1009 2431 voluntatem.

543 2735 764 2800 EPISTOLA
788 2731 1429 2799 ccnxxxlv.-mmxrno1.ounuu

744 2853 843 2896 uxou.
862 2854 944 2897 Erus.
994 2835 1038 2913 [A.
1056 2855 1086 2899 n.
1106 2837 1214 2917 1169.]

628 3025 716 3089 idem
733 3026 950 3088 Bartholomeo
965 3025 1151 3089 Exonicnai
1166 3029 1336 3111 Episcopo.

549 3179 736 3239 Amanum
752 3175 881 3239 fortuna
901 3196 1006 3237 rerum
1024 3173 1106 3237 vices
1126 3174 1373 3262 mortaliumque
1388 3201 1460 3241 con-

505 3277 657 3340 ditionem
682 3297 765 3338 nunc
781 3275 900 3360 dejicit,
917 3299 1000 3339 nunc
1023 3276 1158 3341 extollit.
1204 3276 1338 3342 Rectius
1354 3291 1459 3342 tamen

504 3375 639 3438 dixerim
655 3388 686 3438 et
701 3376 817 3449 verius,
834 3377 923 3461 quod
939 3377 1038 3462 isqui
1055 3377 1155 3441 ventis
1170 3391 1201 3442 et
1217 3379 1297 3442 mari
1312 3382 1457 3466 imperat,

503 3475 706 3558 exigentibus
733 3475 895 3538 bominum
913 3477 1044 3555 meritis,
1060 3477 1092 3540 in
1108 3477 1220 3563 politia
1235 3480 1410 3562 mundana,
1425 3505 1457 3545 re

504 3576 621 3640 scilicet
646 3575 774 3660 publica
800 3575 984 3661 degentium
1011 3579 1044 3642 in
1069 3581 1128 3644 boc
1149 3580 1265 3660 seculo,
1288 3581 1457 3648 seditiones

503 3701 570 3741 esse
585 3676 716 3762 patitur,
729 3692 760 3742 et
776 3677 937 3744 interdum
953 3681 1042 3765 quasi
1058 3681 1211 3766 procellas
1225 3683 1360 3760 excitat,
1377 3708 1458 3750 nunc

503 3802 555 3842 eas
571 3779 758 3864 beneplaciti
772 3781 820 3844 sui
837 3784 1035 3846 miseratione
1050 3784 1230 3868 compescit.
1263 3785 1337 3849 Hac
1352 3801 1457 3852 autem

502 3879 604 3964 ipsius
623 3880 856 3964 dispensatione
878 3905 981 3968 nuper
1002 3883 1120 3948 accidit
1135 3884 1223 3969 quod
1245 3885 1383 3953 illustris
1406 3914 1458 3954 rex

504 3980 644 4065 Angliae‚
667 3981 741 4044 licet
765 4005 848 4067 saepe
871 3985 1051 4049 solemniter
1069 3999 1102 4050 et
1122 3986 1249 4071 publice
1267 3990 1408 4074 jurasset
1429 4015 1458 4055 se

503 4086 534 4146 in
550 4081 724 4145 hominium
740 4083 1001 4150 Christianissimi
1013 4090 1098 4172 regis
1109 4087 1244 4152 ulterius
1257 4092 1368 4174 quoad
1378 4092 1457 4156 vive·

502 4198 550 4249 ret
572 4207 633 4248 non
657 4184 845 4259 rediturum,
870 4189 984 4251 saniori
1007 4190 1139 4255 consilio
1160 4191 1365 4277 acquiescens
1387 4216 1456 4282 pro·

501 4287 640 4376 positum
672 4289 819 4364 mutavit,
842 4302 874 4353 et
897 4291 929 4353 in
950 4292 1095 4375 proximo
1122 4293 1381 4379 Epiphaniornm
1409 4297 1456 4360 die

500 4388 586 4475 apud
601 4389 746 4452 Montem
760 4389 941 4454 Mirabilem
954 4393 985 4454 in
999 4416 1081 4478 pago
1095 4395 1282 4460 Carnutensi
1294 4397 1336 4460 ad
1348 4420 1458 4464 memo
