3384 5525
374 754 482 855 1666]
754 783 935 836 sorssors.
1289 782 1327 841 19
1383 773 1386 777 ’

368 946 466 1025 piam,
496 965 556 1007 uec
583 946 745 1025 angustias
772 944 912 1018 timeam,
937 955 993 1008 aut
1018 947 1205 1010 erubescam
1231 949 1325 1029 igno-

369 1048 499 1110 miniam
520 1047 728 1131 paupertatis,
749 1046 926 1130 discipulus
941 1058 973 1110 et
992 1050 1154 1130 professor
1172 1052 1324 1134 pauperis

368 1148 507 1224 Christi3
547 1160 656 1211 certus
693 1150 734 1211 ab
764 1148 866 1230 ipsius
897 1147 1036 1210 veritatis
1064 1152 1204 1229 oraculo,
1232 1154 1322 1235 quod

366 1250 494 1313 tristitia
504 1259 615 1313 nostra
626 1259 767 1313 vertetur
777 1250 811 1311 in
823 1248 987 1330 gaudium.
1032 1250 1154 1315 Fidelis
1165 1254 1250 1316 enim
1262 1267 1321 1332 est,

366 1373 423 1415 nec
439 1352 581 1436 patietur
594 1352 729 1435 pusillos
744 1363 776 1414 et
790 1352 931 1434 pupillos
953 1373 1029 1414 suos
1045 1353 1146 1416 tenari
1167 1376 1264 1438 supra
1286 1357 1320 1419 id

365 1453 452 1536 quod
468 1466 625 1537 possunt:
650 1454 708 1517 sed
730 1454 771 1517 ad
794 1454 930 1535 gloriam
949 1475 1038 1517 suam
1055 1455 1149 1518 saciet
1162 1468 1199 1519 ut
1217 1459 1320 1523 humi·

365 1556 440 1618 lium
457 1556 592 1619 tentatio
602 1556 649 1620 eis
658 1566 799 1620 transeat
809 1556 844 1618 in
853 1556 1041 1639 profectum.
1065 1556 1222 1620 Caeterum
1233 1561 1319 1625 unde

365 1659 442 1722 mihi
464 1660 603 1736 interim,
626 1658 802 1721 amicorum
824 1657 1021 1736 dulcissime,
1045 1669 1081 1720 ut
1103 1670 1166 1722 trtae
1188 1681 1320 1745 respon·

366 1760 456 1825 deam
471 1760 673 1825 liberalitati?
697 1762 782 1824 Eam
797 1782 938 1844 namque
954 1759 1153 1825 dissimulare
1164 1783 1230 1825 non
1244 1785 1318 1846 pos·

365 1884 446 1940 sum,
468 1884 565 1946 quam
587 1864 681 1926 toties
709 1874 862 1946 expertus
884 1864 1008 1946 loquor,
1038 1861 1133 1947 cujus
1161 1864 1321 1929 beneficia

366 1964 459 2028 toties
481 1964 546 2027 mei
569 1976 747 2043 senserunt,
769 1964 897 2047 quoties
919 1965 1143 2048 opportunitas
1168 1965 1243 2029 data
1258 1977 1318 2043 est,

332 2069 336 2077 '
365 2077 399 2128 ut
413 2075 477 2128 tn'ae
492 2066 632 2130 caritatis
647 2067 762 2130 solatio
778 2067 965 2130 fruerentur.
1010 2066 1106 2139 Quod
1120 2067 1228 2151 itaque
1244 2089 1319 2153 pos·

364 2189 435 2231 sum
455 2169 498 2232 ad
517 2190 658 2253 praeseus
676 2168 792 2250 gratias
813 2166 984 2231 devotione
1006 2169 1163 2233 maximas
1182 2191 1255 2251 ago,
1268 2171 1317 2234 in'·

364 2267 547 2331 dubitanter
558 2279 745 2351 expectans,
756 2284 792 2331 ut
801 2269 998 2331 miserationi
1007 2280 1118 2332 vestrae
1129 2270 1318 2354 respondeat

364 2374 398 2435 in
414 2372 632 2436 misericordia
653 2372 756 2451 uberi,
779 2373 832 2435 cui
847 2372 881 2433 in
902 2374 994 2436 robis
1015 2374 1246 2438 beneficiorum
1263 2399 1318 2461 pe-

366 2474 495 2538 cuniam
525 2473 659 2536 dedistis
681 2472 724 2536 ad
745 2494 884 2536 usuram.
932 2470 1005 2539 Hoc
1029 2476 1114 2539 enim
1144 2479 1246 2541 solum
1269 2491 1318 2542 est

364 2576 491 2638 honesti
517 2574 649 2664 foenoris
672 2595 785 2655 genus,
806 2585 838 2636 et
861 2575 949 2657 quod
976 2596 1139 2640 usurarum
1164 2589 1198 2642 et
1220 2580 1318 2643 totius

365 2676 516 2754 avaritiae,
542 2675 785 2740 condemnatrix
811 2678 929 2759 pagina
956 2678 1097 2741 veritatis
1127 2701 1191 2742 non
1219 2681 1317 2744 modo
1362 2733 1364 2736 .

365 2778 512 2856 absolvit,
529 2779 586 2842 sed
605 2781 757 2864 centupla
775 2778 921 2844 mercede
944 2793 1132 2844 remunerat
1178 2784 1261 2845 Nam
1286 2795 1317 2846 et

364 2882 426 2945 hoo
443 2881 594 2945 Salomon
607 2881 640 2943 in
656 2882 832 2964 proverbiis
845 2891 978 2944 testatur
986 2881 1100 2944 dicens
1112 2905 1119 2944 :
1134 2882 1317 2962 soenerotor

363 2982 505 3046 Domino
533 2984 590 3063 qut
615 2983 769 3064 pauperis
797 2983 976 3058 miseretur,
1004 2986 1036 3042 ef
1063 2981 1317 3045 obuersatum

361 3103 457 3148 auom
478 3085 588 3148 reddet
609 3085 658 3146 ei:
682 3084 899 3168 temporaliter
919 3081 1052 3166 quidem
1081 3095 1239 3166 quatenus
1261 3107 1317 3149 ex·

362 3188 518 3271 pedierit:
534 3187 723 3272 plenissima
735 3198 840 3250 autem
852 3186 1061 3249 retributione
1073 3186 1108 3249 in
1118 3186 1181 3251 vita
1190 3197 1316 3251 aetema.

363 3290 458 3363 Quod
473 3290 501 3353 si
516 3289 624 3352 divina
639 3288 783 3370 dignatio
799 3297 930 3352 eatenus
945 3288 1025 3351 meis
1045 3288 1209 3352 desideriis
1224 3290 1316 3352 satis·

362 3393 490 3469 faceret,
504 3401 540 3454 ut
554 3389 813 3453 benefactoribus
829 3389 909 3451 meis
923 3410 982 3452 sua
996 3389 1183 3453 auctoritate
1197 3400 1230 3453 et
1245 3411 1317 3453 meo

362 3494 537 3557 ministerio
552 3493 656 3556 vicem
671 3491 804 3556 duceret
818 3491 1069 3573 rependendam,
1080 3500 1223 3554 votorum
1238 3501 1316 3554 tem-

362 3596 519 3678 poralium
534 3615 690 3658 summam
713 3593 793 3656 mihi
815 3593 881 3657 fere
903 3593 1035 3656 omnino
1051 3593 1209 3657 videretur
1230 3614 1316 3658 asse-

362 3707 490 3780 quutus.
534 3695 599 3761 Sed
615 3695 693 3780 qnid
708 3696 750 3758 de
765 3715 848 3779 paee
858 3704 969 3758 nostra
986 3695 1123 3758 sentiam
1134 3716 1198 3756 non
1220 3695 1316 3778 plane

362 3797 466 3875 video,
482 3797 553 3861 aliis
568 3797 784 3861 asserentibus
799 3818 868 3860 eam
892 3795 1092 3879 desperatius
1107 3796 1259 3878 elongari,
1275 3816 1315 3859 eo

363 3898 450 3982 quod
472 3898 636 3963 Dominus
657 3913 717 3962 rex
737 3908 944 3981 prosperatur
973 3897 1007 3959 iu
1037 3898 1097 3959 viis
1126 3898 1213 3960 suis:
1245 3898 1315 3962 aliis

363 4012 511 4064 econtra
531 4000 713 4065 dicentibus
736 3999 824 4083 quod
842 3999 873 4061 ei
896 4020 963 4081 pax
985 3997 1266 4081 nondisplieeret,
1289 4001 1315 4062 si

362 4102 496 4166 honesta
524 4103 795 4168 reconciliationis
820 4112 1000 4164 occurreret
1023 4101 1133 4164 forma.
1179 4103 1224 4164 Et
1252 4103 1315 4165 hoc

363 4206 469 4288 utique
492 4204 681 4268 crediderim
707 4204 812 4281 citius,
834 4224 873 4266 eo
897 4202 984 4286 quod
1006 4204 1054 4266 vir
1067 4203 1210 4287 prudens
1232 4205 1315 4267 hauc

363 4303 463 4386 ipsam
477 4326 686 4369 successuum
698 4304 881 4368 facilitatem
897 4314 929 4366 et
945 4304 1073 4386 copiam
1086 4304 1182 4367 debet
1197 4301 1315 4366 habere

365 4419 555 4489 suspectam,
571 4417 604 4470 et
619 4408 739 4470 viarum
755 4428 882 4471 suarum
899 4407 1046 4470 conscius
1061 4416 1147 4469 tutus
1166 4425 1314 4466 essenon

812 4526 831 4569 o
848 4513 868 4569 2
