3384 5525
241 739 353 815 1167]
628 758 806 803 urrsrotu.
1156 750 1198 807 67

237 910 388 973 celebrat.
419 910 489 973 Nec
508 908 670 994 aliquibus
685 910 816 973 dubium
831 922 921 994 puto,
930 912 991 975 nisi
1006 912 1085 976 forte
1097 915 1193 978 lateat

235 1009 308 1072 illos
324 1011 378 1094 qui
392 1010 453 1074 soli
468 1010 528 1075 hac
544 1020 733 1096 tempestate
749 1012 884 1076 exulant
900 1011 988 1075 domi
1005 1035 1082 1077 suae.

278 1112 362 1185 Quia
375 1134 450 1194 ergo
466 1113 506 1175 ab
522 1112 653 1176 Oriente
671 1112 740 1196 jam
755 1112 864 1176 radius
880 1114 1060 1177 serenitatis
1080 1115 1190 1180 illuxit

233 1234 292 1296 per
307 1214 481 1291 Christum,
496 1223 529 1276 et
542 1211 748 1277 incolumitas
766 1215 913 1278 ecclesiae
929 1215 962 1277 in
978 1216 1083 1300 capite
1098 1238 1189 1300 repa·

233 1323 329 1392 ratur,
341 1327 485 1398 superest
498 1336 573 1398 spes
595 1313 671 1377 fidei
686 1314 872 1393 certissima,
887 1316 973 1399 quod
990 1330 1192 1424 unguentuup

232 1436 253 1477 a
266 1417 371 1498 capite
383 1417 418 1478 in
430 1416 649 1498 Apostolicam
665 1417 795 1479 barbam
809 1418 1001 1497 exuberans,
1013 1417 1188 1484 descendet

232 1516 265 1579 in
289 1528 387 1599 caput
409 1528 443 1581 et
465 1538 553 1579 oram
575 1517 762 1599 Anglicanae
785 1518 949 1581 ecclesiae:
982 1530 1015 1583 et
1037 1521 1092 1603 qui
1114 1540 1185 1603 pro-

231 1618 364 1701 phetam
378 1619 589 1683 exterminare
612 1618 726 1683 nititur
745 1619 785 1682 de
801 1620 912 1697 lsrael,
926 1620 988 1683 nisi
1009 1620 1090 1684 forte
1111 1622 1187 1685 resi·

231 1721 348 1802 piscat,
369 1721 509 1784 divinam
532 1721 721 1784 sententiam
744 1720 904 1804 excipiet:
935 1719 1065 1785 dicente
1088 1725 1187 1789 Amos

230 1820 412 1904 adipsum:
447 1823 536 1886 Ucor
550 1829 610 1885 tua
624 1824 662 1885 in
682 1823 810 1885 deitate
820 1822 1057 1904 fornicabitur,
1071 1831 1102 1888 et
1112 1828 1187 1907 fita·

230 1924 291 2002 tui,
306 1933 337 1987 et
346 1926 439 2009 filice
459 1930 523 1987 tua
542 1927 580 1988 iu
598 1925 709 2005 gladio
728 1923 858 2000 cadent,
873 1931 905 1987 et
925 1926 1046 1989 humus
1067 1933 1126 1990 tua
1148 1929 1186 1990 iu

217 2027 376 2107 funiculo
391 2029 549 2105 metietur,
562 2033 594 2090 ct
614 2034 654 2090 tu
674 2028 709 2090 in
732 2033 819 2090 terra
838 2028 969 2108 polluta
986 2030 1139 2107 morieris,
1154 2037 1186 2094 et

224 2130 367 2211 popalm
381 2137 460 2193 tuus
473 2131 621 2212 captivus
635 2130 786 2211 migrabit
807 2130 848 2192 de
869 2136 960 2193 terra
980 2150 1052 2194 cua.
1100 2134 1183 2196 Haec

230 2241 279 2294 est
293 2232 378 2295 euim
393 2254 488 2316 poena
502 2232 717 2297 resistentium
732 2233 828 2295 verbo
844 2233 917 2311 Dei,
929 2243 962 2296 et
976 2244 1183 2317 potestatum,

229 2350 303 2412 quae
329 2352 384 2395 ora
409 2331 611 2397 sacerdotum
636 2329 782 2395 nituntur
808 2332 988 2396 occludere.
1033 2335 1182 2399 Profecto

227 2438 307 2494 tunc
322 2432 404 2495 risus
419 2433 529 2496 dolore
539 2432 735 2510 miscebitur,
747 2442 780 2495 et
794 2443 937 2497 extrema
951 2434 1061 2514 gaudii
1074 2438 1181 2500 luctus

226 2535 409 2617 occupabit,
423 2544 456 2597 et
469 2554 609 2597 amarum
624 2535 693 2610 erit,
708 2534 816 2597 cibum
833 2546 867 2597 ct
887 2546 998 2617 potum
1022 2548 1054 2599 et
1076 2538 1180 2601 amica

225 2633 388 2716 colloquia
396 2656 470 2697 cum
479 2633 768 2697 excommunicatis
777 2635 1043 2700 communicasse.
1075 2640 1177 2702 Num·

223 2734 305 2821 quid
335 2746 411 2798 tunc
443 2734 640 2827 Balaamitae‚
664 2735 837 2816 pontifices
867 2749 899 2800 et
927 2738 1120 2816 sacerdotes,
1146 2749 1179 2802 et

222 2836 392 2920 principes
400 2835 575 2918 Taphneos
583 2849 616 2898 et
625 2835 724 2898 Arioli
733 2837 950 2900 consiliissuis
960 2840 1080 2901 salvare
1089 2851 1180 2923 pote·

222 2947 299 3000 runt
312 2935 520 3014 Madianitas,
536 2956 635 3020 quum
650 2956 706 2998 eos
721 2934 846 3017 gladius
862 2937 995 3000 Domini
1011 2959 1180 3023 perseque-

224 3036 299 3102 tur?
339 3036 506 3121 Numquid
529 3036 717 3101 Cardiuales
740 3036 918 3120 proderunt
942 3049 997 3102 aut
1022 3041 1130 3122 legati,
1152 3043 1180 3105 si

225 3140 414 3203 Balaamitae
438 3139 557 3202 fuerint
584 3139 618 3201 iu
649 3138 703 3201 die
733 3137 891 3201 Domini?
932 3139 1026 3203 Certe
1052 3143 1080 3204 si
1109 3143 1179 3226 ipse

223 3243 348 3306 affuerit
372 3243 517 3317 Balaam,
543 3246 599 3303 aut
624 3238 796 3302 benedicet
822 3241 1038 3304 tabernaculis
1063 3244 1178 3321 Jacob,

224 3364 296 3428 quae
312 3363 397 3405 nunc
412 3341 568 3424 proscribi
582 3351 615 3403 et
629 3341 759 3403 exulare
774 3339 923 3405 videntur
935 3341 968 3402 iu
990 3363 1107 3422 eremo,
1123 3354 1179 3408 aut

220 3444 330 3527 gladio
345 3443 466 3508 cadens
481 3444 569 3506 verbi
591 3443 655 3506 Dei
671 3442 734 3505 sibi
748 3441 962 3507 adversarium
984 3464 1053 3507 esse
1075 3465 1175 3528 expe·

222 3547 322 3609 rietur
344 3545 496 3629 Spiritum
511 3545 684 3608 Sanctum:
715 3553 747 3606 et
762 3543 880 3609 sentiet
902 3544 978 3627 quia
993 3545 1077 3608 sicut
1099 3547 1176 3610 allo·
1261 3629 1263 3632 Ι

221 3649 392 3732 plrylorum
404 3667 524 3709 messes
539 3657 570 3709 et
585 3656 664 3721 sata,
675 3645 721 3708 ita
735 3655 768 3707 et
777 3643 1019 3708 incendentium
1031 3648 1176 3731 vulpium

224 3749 346 3814 caudas
359 3748 443 3830 ignis
458 3747 574 3810 exurit.

263 3853 347 3915 Haec
362 3850 483 3913 idcirco
498 3849 768 3933 praemiserim‚-ue
789 3849 862 3931 quis
877 3849 1051 3913 amicorum
1074 3862 1174 3936 ponat

217 3973 347 4017 carnem
368 3951 537 4014 brachium
559 3971 662 4028 suum,
677 3963 709 4013 et
731 3952 1020 4016 excommunicatis
1043 3955 1172 4036 partici-

215 4076 297 4139 pans
323 4054 414 4116 inse
440 4052 580 4134 gladium
606 4064 756 4136 provocet
781 4054 831 4117 bis
857 4068 996 4118 acutum.
1043 4056 1171 4120 Dicitur

214 4169 332 4232 autem,
350 4155 439 4238 quod
462 4155 530 4219 sine
554 4155 665 4219 dolore
687 4166 719 4219 et
740 4156 904 4219 lachrimis
926 4179 1054 4242 nequeo
1077 4159 1169 4221 remi-

212 4259 304 4335 nisci,
328 4256 416 4340 quod
439 4269 550 4320 sancta
571 4257 811 4321 Cantuariensis
833 4258 972 4321 ecclesia
994 4259 1167 4339 participa-

212 4360 299 4423 tione
328 4360 415 4422 illius
444 4359 578 4441 insignis
608 4358 879 4421 excommunicati
910 4359 1098 4439 Randulphi
1129 4358 1169 4418 de

669 4464 722 4519 1³2
